2106 3061
401 203 438 231 5-1
915 192 1115 220 DRACONTH
1153 190 1199 218 DE
1220 189 1400 217 LAVDmVS
1419 188 1478 215 DEI
1516 188 1525 214 1

807 292 913 324 poena
938 281 1017 312 mori
1043 279 1182 311 crudelia
1207 282 1286 318 crat,
1311 276 1369 309 scd
1392 277 1503 308 vivere
1527 275 1630 318 peius.

809 334 875 365 otia
898 332 1032 364 delicias
1057 331 1195 374 perdunt
1218 330 1410 371 discuntque
1435 327 1574 366 labores,

657 386 707 411 5:10
812 385 865 427 qui
890 385 1012 416 cultore
1037 383 1097 414 deo
1123 383 1244 414 fructus
1269 381 1393 413 telluris
1417 378 1593 411 habebant.

808 437 982 478 agricolam
1007 435 1168 466 dominum
1194 433 1247 475 qui
1271 443 1334 464 non
1358 431 1516 463 diviserat
1538 441 1690 473 umquam

808 489 892 530 (ipse
918 489 1039 529 rigator
1063 490 1142 523 erat,
1167 489 1255 517 sator
1278 484 1370 522 altor,
1393 493 1520 515 messor
1543 483 1664 523 arator)

808 539 977 571 offendunt
1001 538 1084 569 hunc
1109 537 1204 569 ambo
1228 537 1331 578 pium:
1357 535 1531 567 truduntur
1554 534 1594 566 ab
1620 534 1712 566 horto

808 591 955 633 perpetui
980 590 1066 621 floris
1091 599 1150 621 ncc
1175 588 1274 620 habet
1297 587 1357 619 sub
1382 587 1450 618 iure
1473 596 1602 618 reorum

653 644 703 668 555
808 647 840 674 ct
864 643 948 674 vitae
974 652 1060 673 mors
1084 644 1171 673 meta
1195 640 1290 671 (latur
1314 649 1386 671 cum
1413 639 1476 670 fine
1500 637 1668 670 malorum.

808 704 925 735 magna
949 693 999 725 dci
1023 694 1138 735 pictas,
1162 692 1257 724 venia
1281 691 1335 733 qui
1358 693 1517 733 temperat
1540 690 1619 722 iras:

808 747 874 777 vita
898 746 1006 787 gravis
1030 745 1195 776 hominum
1220 742 1400 775 subciditur
1422 743 1531 784 inpete
1555 741 1678 782 mortis,

808 808 890 840 quac
913 797 1054 829 recidiva
1078 797 1181 838 magis
1206 795 1371 827 conversis
1395 793 1491 826 corde
1515 794 1668 836 resurgit.

807 860 892 881 mors
916 849 1152 880 mundanorum
1176 847 1305 889 requies
1329 846 1382 878 vel
1407 849 1496 878 certa
1519 845 1667 877 laborum

655 903 706 929 5⁶0
810 906 843 933 ct
865 901 950 933 male
974 901 1095 932 viventi
1118 902 1306 942 praestatur
1328 898 1392 930 fine
1417 897 1530 929 salutis

807 954 997 985 continuans
1021 952 1234 995 quodcunque
1259 953 1353 982 nocet
1376 959 1577 992 pravumque
1600 949 1796 992 bonumque.

807 1005 894 1037 solus
918 1006 950 1036 in
974 1008 1142 1037 aeternum
1166 1003 1247 1035 deus
1272 1006 1322 1035 cst
1346 1004 1499 1044 regnator
1524 1004 1557 1033 et
1579 1005 1702 1041 auctor,

808 1058 910 1089 virtus
934 1057 1018 1088 trina
1041 1056 1131 1095 deus,
1156 1055 1275 1098 triplex
1299 1054 1379 1086 deus
1404 1053 1508 1085 omnis
1533 1055 1566 1085 et
1588 1063 1682 1092 unus,

807 1109 847 1142 de
871 1120 934 1152 quo
958 1112 1123 1152 speratum
1148 1106 1336 1139 conceditur
1359 1116 1454 1138 omne
1477 1105 1655 1147 benignum

653 1165 702 1190 5¹35
807 1174 867 1195 nce
890 1172 980 1194 mens
1004 1171 1215 1204 quaecunque
1238 1158 1458 1202 praesumpsit
1481 1167 1563 1200 pura
1585 1157 1713 1197 fefellit,

807 1215 968 1246 dicturum
992 1214 1126 1246 effectus
1150 1223 1214 1245 non
1239 1212 1358 1244 desunt
1380 1214 1528 1255 tempore
1553 1209 1678 1251 eodem,

806 1278 908 1310 penes
932 1277 1028 1309 quem
1052 1276 1150 1298 sensu
1174 1264 1367 1307 praecordia
1389 1267 1479 1295 muta
1503 1263 1677 1305 loquuntur

809 1323 842 1351 et
865 1319 976 1360 lingua
998 1319 1154 1350 reticente
1179 1319 1274 1349 sonat
1297 1326 1395 1359 super
1419 1315 1555 1348 aethera
1578 1325 1685 1347 sermo

807 1381 845 1403 ac
868 1381 960 1402 mens
983 1379 1060 1412 pura
1085 1369 1181 1401 deum
1206 1369 1312 1412 potius
1336 1378 1431 1410 quam
1455 1368 1568 1410 lingua
1591 1369 1754 1410 precatur.

653 1423 704 1451 570
808 1433 886 1464 ergo
910 1422 1016 1464 operis
1039 1431 1163 1453 memor
1186 1421 1255 1463 ipse
1280 1420 1329 1451 sui
1353 1419 1434 1452 deus
1459 1420 1599 1462 imperat
1622 1419 1736 1451 ambos

806 1474 938 1506 sedibus
963 1483 1112 1515 egressos
1136 1471 1273 1515 placidis
1297 1471 1504 1503 dominentur
1527 1474 1562 1503 ut
1585 1471 1656 1503 orbi

808 1530 840 1558 et
863 1529 965 1557 totum
989 1524 1075 1567 quod
1098 1523 1238 1556 mundus
1261 1523 1361 1555 habet
1384 1523 1444 1555 sub
1467 1523 1537 1555 iure
1564 1525 1724 1554 tenerent.

808 1589 844 1610 ac
868 1577 952 1620 quod
976 1577 1069 1608 floret
1091 1576 1220 1616 humus,
1242 1575 1352 1607 viridis
1376 1574 1462 1617 quod
1485 1574 1647 1617 germinat
1669 1574 1782 1614 herba,

808 1629 893 1672 quod
917 1630 1043 1671 spicant
1066 1638 1202 1668 messes,
1227 1627 1312 1669 quod
1336 1627 1434 1658 ramis
1458 1627 1597 1669 parturit
1620 1626 1726 1665 arbor,

653 1684 703 1710 575
809 1681 893 1724 quod
916 1683 1083 1723 gemmant
1106 1680 1199 1718 vites,
1224 1678 1308 1721 quod
1333 1689 1470 1710 amoena
1494 1679 1655 1710 comantia
1679 1678 1839 1717 frondent,

808 1734 940 1764 flumina
963 1731 1048 1774 quod
1071 1731 1203 1763 mittunt
1226 1731 1344 1770 fontes,
1371 1730 1456 1772 quod
1479 1730 1613 1762 fluctuat
1636 1740 1767 1772 aequor,

808 1784 892 1827 qnod
915 1784 1023 1826 pelagi
1047 1783 1145 1815 trahit
1168 1782 1255 1814 unda
1278 1782 1406 1821 fretum,
1432 1781 1517 1824 quod
1540 1782 1635 1813 litora
1658 1781 1775 1821 tundit,

808 1846 972 1868 murmure
996 1835 1081 1877 quod
1104 1834 1193 1866 venti
1217 1834 1333 1866 flantes
1357 1844 1441 1875 vaga
1463 1844 1626 1866 marmora
1649 1834 1803 1876 crispant,

809 1888 894 1930 quod
917 1890 1076 1930 generant
1098 1890 1215 1926 terrae,
1241 1885 1326 1928 quod
1350 1886 1510 1926 flammae,
1534 1889 1654 1928 pontus
1678 1889 1711 1918 et
1734 1896 1805 1918 aer:

405 1979 431 2002 in
452 1979 474 2001 (V
490 1977 617 2004 549—51.
635 1976 692 2002 553.
713 1976 772 2001 555.
790 1974 841 2000 560
859 1974 911 2005 (liic
929 1974 978 2006 bis)

503 2029 553 2054 549
572 2030 631 2054 Otia
652 2028 711 2052 (11'2
724 2028 798 2060 Euy„
817 2028 868 2052 Ora
890 2027 911 2050 Β
1005 2025 1056 2051 550
1074 2026 1185 2050 fructum
1207 2026 1228 2050 G
1243 2025 1308 2057 Euy.
1386 2025 1515 2051 habebant
1530 2024 1551 2049 C
1566 2025 1641 2058 Ειιφ,
1660 2026 1770 2052 habebat
1782 2027 1807 2052 B
1902 2027 1950 2052 551
1971 2028 2048 2060 Agri-

401 2073 480 2098 colam
498 2073 556 2103 (ull,
575 2072 694 2105 Agricola
714 2071 738 2095 Β
755 2071 821 2102 Euy.
891 2070 1013 2094 diuiserat
1032 2069 1064 2100 Β,
1082 2069 1207 2093 diuideret
1227 2068 1248 2092 U
1327 2067 1377 2093 553
1395 2073 1450 2093 orto
1471 2068 1497 2099 C,
1516 2073 1573 2094 ortu
1592 2068 1617 2093 B
1704 2069 1755 2096 555
1773 2079 1840 2096 mors
1859 2079 1915 2096 mea
1933 2071 2009 2096 datur
2029 2070 2051 2096 G

435 2115 486 2141 558
504 2115 668 2148 p(rac)cidina
689 2114 718 2143 Β,
737 2123 802 2139 corr.
819 2113 861 2137 JI‘
880 2113 945 2145 Euq.
1033 2112 1220 2144 (coniusprssus
1240 2112 1270 2142 11,
1293 2120 1358 2136 cor-r.
1374 2111 1407 2135 All
1512 2110 1563 2137 559
1583 2112 1646 2143 (uel)
1664 2117 1733 2138 certa
1751 2113 1783 2146 B,
1803 2118 1841 2139 est
1859 2118 1927 2139 certa
1945 2113 2012 2146 Eny-

403 2164 468 2183 mutn
491 2159 601 2183 ,firm-alo
688 2156 738 2181 :3152
758 2155 900 2189 reg-nathir)
923 2156 948 2180 Β
1022 2155 1072 2181 565
1091 2156 1143 2180 Nee
1165 2153 1423 2187 que(m)cu(m)q(nc)
1442 2163 1513 2180 mens
1532 2154 1564 2187 B,
1583 2156 1684 2180 correxi
1769 2155 1820 2182 566
1839 2155 1996 2188 Vieturu(m)
2015 2156 2048 2188 B,

403 2201 510 2231 correxi,
530 2202 601 2225 uului
614 2201 738 2225 (lictorum
793 2200 881 2224 fefellit
894 2199 1029 2229 victurum,
1049 2199 1154 2223 effectus
1173 2198 1294 2229 distinqui
1313 2197 1377 2222 iubet
1392 2197 1516 2223 Biiclieler
1585 2197 1636 2223 568
1654 2196 1755 2231 sup(er)
1774 2198 1862 2232 ter(ra)
1875 2199 1907 2230 B,
1926 2200 1960 2232 cf.
1973 2199 2048 2232 Euq„

403 2253 478 2276 super
497 2253 555 2268 acra
575 2244 616 2267 211³
694 2243 742 2268 571
765 2247 792 2267 nt
810 2243 863 2266 orbi
884 2242 958 2273 Ili1y.,
977 2246 1004 2266 at
1022 2242 1077 2265 orbi
1095 2241 1127 2272 Β,
1147 2241 1171 2265 in
1191 2241 1251 2265 orbe
1274 2240 1301 2264 Μ
1378 2239 1429 2266 573
1448 2240 1486 2266 Ac
1504 2250 1556 2273 eqo,
1574 2242 1609 2266 At
1626 2241 1658 2272 B,
1678 2243 1710 2267 Et
1727 2242 1793 2275 Euq.
1863 2241 2010 2276 germin(et)
2024 2243 2048 2267 B

437 2286 486 2312 575
505 2287 683 2318 co(m)muncia
703 2286 726 2310 R
820 2285 870 2310 576
890 2286 989 2310 mittant
1008 2285 1040 2315 B,
1059 2288 1159 2309 mutant
1177 2284 1206 2308 ull
1293 2282 1342 2309 577
1362 2284 1447 2309 tundit
1465 2284 1590 2316 Amata,
1611 2285 1703 2310 tundat
1720 2284 1757 2315 B,
1781 2286 1894 2311 tundunt
1912 2285 1978 2318 Euq.

404 2329 454 2355 579
472 2334 575 2362 generat
594 2335 659 2355 terra
677 2329 745 2360 qumi
765 2330 865 2353 {lamma
885 2328 918 2359 B,
936 2329 969 2360 cf.
991 2328 1055 2359 Euy.
1126 2328 1231 2352 flumina
1250 2335 1280 2351 ex
1299 2327 1363 2359 Euq.
1382 2327 1522 2352 recentibus
1540 2327 1632 2360 recepit
1651 2327 1763 2353 Arevalo

507 2406 554 2432 551
575 2405 726 2440 agricolam
741 2425 745 2431 .
761 2425 764 2430 .
781 2425 786 2430 .
805 2403 937 2430 diviserat
957 2412 991 2429 sc.
1005 2404 1060 2429 eius
1079 2403 1183 2438 ›zcyolia
1201 2403 1310 2429 dirersis
1330 2403 1510 2429 distribuendo
1586 2404 1638 2431 554
1655 2403 1742 2431 babet
1760 2404 1776 2430 i.
1795 2406 1883 2430 manet
1900 2411 1933 2431 se.
1952 2403 2048 2431 hortus

439 2459 488 2485 555
509 2457 590 2483 l’rml.
601 2458 691 2491 μενέει.
708 2461 731 2490 5,
746 2461 794 2483 527
811 2458 890 2483 finem
909 2456 1044 2482 malorum
1063 2455 1205 2489 praestitit
1224 2456 1320 2483 mortis
1339 2464 1482 2489 supremus
1505 2455 1595 2483 exitus
1674 2455 1725 2482 556
1743 2454 1827 2482 Drac.
1843 2458 1867 2490 3,
1881 2459 1928 2483 190
1944 2463 2048 2491 magna

405 2509 448 2536 dei
469 2509 566 2543 pictas.
604 2512 652 2535 καὶ.
667 2513 719 2534 2ου
737 2511 875 2542 temperat
894 2508 948 2534 iras
1052 2508 1102 2534 559
1127 2507 1200 2541 Vera.
1214 2509 1282 2534 Aen.
1295 2510 1318 2541 3,
1331 2510 1381 2535 393
1400 2507 1508 2541 requies
1527 2516 1560 2535 ea
1584 2510 1661 2535 certa
1684 2507 1810 2535 laborum
1898 2507 1946 2534 561
1965 2509 2049 2535 nocet

403 2570 423 2588 c.
437 2570 489 2587 nce.
505 2570 524 2586 r.
539 2561 594 2588 ind.
683 2561 732 2587 563
752 2560 829 2586 Paul.
849 2560 907 2587 Nol.
921 2568 1000 2586 carm.
1021 2564 1055 2592 19,
1068 2564 1114 2586 133
1132 2569 1195 2586 num
1214 2559 1280 2586 deus
1299 2568 1380 2593 unus,
1401 2559 1488 2586 virtus
1507 2559 1581 2586 trina
1600 2560 1678 2592 deus,
1698 2560 1778 2594 pater
1796 2568 1865 2586 unus
1884 2561 1912 2586 et
1931 2568 2000 2586 unus
2018 2559 2048 2586 in

407 2613 465 2647 ipso
485 2613 555 2639 lilius
573 2620 631 2646 εφη,
648 2613 682 2644 cs.
701 2612 783 2638 Prnd.
802 2612 888 2645 apolli.
906 2612 992 2645 praes.
1010 2617 1021 2638 1
1043 2611 1199 2638 Merobmul.
1214 2611 1309 2638 Christ.
1323 2615 1358 2638 *28
1379 2612 1461 2640 Drac.
1477 2616 1501 2646 2,
1513 2616 1546 2639 69
1633 2612 1683 2639 564
1702 2612 1736 2645 cf.
1750 2612 1834 2639 Drac.
1849 2616 1869 2646 1,
1884 2614 1916 2638 18
1927 2619 1963 2645 sq.
1976 2611 2047 2645 epist.

407 2665 499 2692 Jacobs
518 2671 538 2698 1,
555 2669 581 2691 1?
666 2665 715 2691 5615
730 2665 824 2698 psalm.
838 2668 879 2697 32,
894 2670 908 2690 9
926 2664 984 2698 ipse
1004 2664 1082 2695 dixit,
1101 2666 1129 2690 ct
1149 2665 1223 2690 facta
1242 2666 1317 2695 sunm
1337 2665 1395 2698 ipse
1415 2665 1571 2697 mandavit,
1596 2667 1625 2692 et
1649 2665 1744 2692 creata
1762 2665 1834 2691 sunt.
1864 2663 1949 2690 Drac.
1963 2666 1986 2696 3,
2000 2666 2049 2690 548

406 2717 518 2743 effeetus
539 2717 611 2743 iussa
630 2718 780 2750 sequuntur
893 2716 943 2744 568
961 2717 997 2748 cf.
1013 2716 1094 2742 Drac.
1108 2720 1130 2748 2,
1147 2720 1197 2742 602
1216 2719 1238 2742 et
1257 2720 1302 2743 615
1322 2717 1402 2743 Paul.
1425 2716 1497 2743 Pet-r.
1515 2720 1538 2750 3,
1553 2720 1604 2743 336
1716 2716 1765 2743 571
1785 2718 1808 2742 et
1827 2715 1879 2742 582
1898 2714 1966 2742 Gen.
1979 2719 2001 2747 1,
2015 2717 2048 2742 28

406 2768 585 2795 dominamini
606 2769 726 2802 piscibus
745 2777 805 2801 ewa,
825 2768 884 2794 [mle
908 2769 986 2794 etiam
1011 2769 1068 2795 Alc.
1087 2769 1135 2794 Ar.
1154 2776 1235 2795 carm.
1256 2772 1278 2802 2),
1301 2772 1328 2795 79
1347 2768 1514 2796 dominarier
1533 2768 1592 2795 orbi
1612 2772 1636 2802 4,
1650 2771 1698 2795 610
1715 2766 1872 2794 dominetur
1890 2768 1918 2794 et
1936 2765 1996 2793 orbi

406 2821 455 2847 574
474 2820 544 2853 Very.
559 2820 613 2847 buc.
626 2824 649 2854 3,
666 2825 699 2847 56
719 2830 790 2847 nunc·
809 2821 897 2847 omnis
917 2820 1037 2855 parturit
1056 2821 1145 2847 arbos.
1173 2820 1256 2847 Druc.
1272 2825 1292 2852 1,
1308 2824 1354 2847 161³
