2106 3061
575 695 666 739 DE
703 694 1071 740 LAVDIBVS
1105 695 1223 740 DEI

224 801 316 845 (35:532ss
329 801 390 845 2275?
810 803 951 838 LIBER
979 804 993 838 1

264 852 360 874 Arnum
464 877 526 913 Qui
551 877 639 919 cupit
662 877 779 908 iratum
803 877 1004 918 placidumve
1031 877 1112 908 scire
1137 879 1311 914 tonantem,

463 929 524 960 hoc
549 939 689 968 carmen,
714 929 772 960 sed
796 932 904 960 mente
930 929 1027 970 legat,
1051 928 1126 959 dum
1151 939 1230 959 voce
1254 932 1414 960 recenset.

463 984 628 1022 agnoscet,
654 991 747 1022 quem
772 981 893 1022 templa
915 981 991 1022 poli,
1017 991 1112 1022 quem
1135 980 1262 1011 moenia
1286 981 1368 1011 caeli

464 1035 628 1064 auctorem
653 1032 801 1063 confessa
825 1043 918 1063 suum
942 1034 1138 1063 veneranter
1161 1031 1305 1063 adorent.

344 1083 360 1110 5
407 1083 439 1117 (⁵)
464 1084 603 1126 quinque
627 1084 742 1125 plagae
767 1087 954 1125 septemque
978 1084 1044 1125 poli
1068 1083 1117 1114 sol
1139 1083 1217 1114 luna
1240 1083 1361 1114 triones

465 1135 573 1166 sidera
596 1136 688 1177 signa
710 1135 776 1166 noti
801 1136 858 1166 nix
882 1135 986 1166 imber
1009 1135 1131 1176 grando
1157 1135 1291 1176 pruinae

464 1186 600 1217 fulmina
623 1186 750 1217 nimbus
776 1186 902 1227 hiemps
927 1187 1066 1217 tonitrus
1091 1187 1148 1216 lux
1172 1186 1301 1217 flamma
1324 1187 1487 1228 procellae

467 1238 591 1269 caelum
615 1240 702 1270 terra
724 1238 818 1269 iubar
841 1238 938 1269 chaos
961 1238 1032 1269 axis
1056 1237 1189 1269 flumina
1211 1240 1330 1279 pontus

466 1291 517 1322 vel
541 1291 692 1333 quicquid
715 1293 831 1322 natura
854 1290 942 1322 dedit
965 1293 1141 1332 praecepta
1166 1300 1285 1329 creare,

331 1342 362 1369 10
398 1343 442 1375 (¹0)
465 1342 524 1374 hoc
548 1343 616 1384 agit
640 1346 672 1374 et
695 1343 839 1384 sequitur
862 1342 957 1373 variis
981 1342 1039 1373 sub
1064 1342 1191 1373 casibus
1214 1342 1278 1373 iras

467 1398 499 1426 et
521 1396 575 1438 pia
599 1398 674 1427 vota
697 1395 759 1426 dei.
804 1396 931 1426 miseris
954 1395 1029 1426 hinc
1053 1398 1149 1436 atque
1173 1395 1277 1426 beatis

467 1457 524 1488 pro
548 1447 670 1478 meritis
693 1457 828 1485 morum⁷
853 1458 910 1488 pro
935 1450 1023 1478 certo
1048 1446 1176 1478 tramite
1201 1446 1286 1477 vitae

467 1500 643 1539 paupertas
668 1508 754 1529 mors
779 1498 845 1528 vita
869 1498 956 1528 salus
981 1497 1147 1539 opulentia
1171 1497 1309 1538 languor

467 1549 574 1581 taedia
597 1550 747 1581 tristitiae
773 1549 925 1591 splendor
949 1549 1139 1591 compendia
1163 1549 1316 1580 damnum

331 1601 362 1627 15
398 1601 444 1634 (¹⁵)
468 1601 586 1642 gaudia
610 1601 762 1632 nobilitas
786 1602 888 1632 virtus
913 1601 1084 1643 prudentia
1107 1601 1220 1632 laudes

468 1653 605 1684 affectus
629 1663 757 1684 maeror
780 1653 918 1693 gemitus
944 1663 1113 1684 successus
1137 1656 1278 1693 egestas,

468 1705 515 1735 ira
538 1708 747 1746 potestatum,
772 1708 847 1736 trux
870 1704 1048 1746 indignatio
1074 1715 1203 1746 regum:

471 1757 577 1788 omnia
600 1767 682 1798 quae
706 1758 849 1796 veniunt,
874 1757 959 1788 bona
982 1756 1100 1798 gaudia
1123 1756 1228 1787 tristia
1251 1766 1359 1793 saeva,

470 1808 671 1839 descendunt
695 1819 737 1840 ex
761 1819 834 1840 arce
859 1809 920 1847 dei,
945 1808 984 1840 de
1010 1808 1087 1839 sede
1111 1808 1263 1846 tonantis,

332 1860 366 1886 20
402 1860 449 1893 (2⁰)
472 1871 535 1901 qua
558 1861 661 1902 pietas
686 1864 819 1892 aeterna
843 1864 960 1898 manet,
986 1860 1042 1890 lux
1066 1860 1197 1901 spiritus
1222 1859 1326 1897 ardor,

471 1922 555 1950 arce,
579 1911 635 1943 ubi
659 1912 810 1943 dicuntur
833 1912 946 1943 laudes
972 1912 1039 1942 sine
1064 1911 1126 1942 fine
1151 1921 1321 1952 perennes,

471 1966 503 1994 et
527 1964 650 2003 merito,
675 1964 750 2005 quia
774 1964 836 1996 fine
862 1974 973 1995 carens
998 1962 1172 2005 primordia
1196 1963 1298 1993 nescit

62 2057 180 2089 Zeyuntur
199 2057 225 2082 in
245 2057 267 2081 C
284 2057 368 2083 1-9.
389 2057 428 2083 18.
449 2058 488 2083 19.
507 2058 546 2083 21.

164 2110 268 2133 VARIA
287 2110 409 2134 LECTIO
480 2109 494 2134 1
514 2119 539 2134 111
559 2118 606 2134 0711,
626 2110 720 2134 initiali
742 2110 804 2134 sicut
826 2114 849 2134 et
873 2110 944 2134 tilulo
963 2110 987 2134 B
1057 2110 1127 2142 cupit
1145 2110 1236 2133 iratum
1257 2108 1283 2138 G,
1303 2108 1411 2140 cupiunt
1429 2107 1519 2131 animis
1536 2107 1560 2130 B
1630 2107 1705 2138 placi-

61 2151 154 2176 dumue
172 2152 236 2176 seire
255 2152 286 2184 0,
310 2153 436 2185 placidum
461 2154 557 2178 nescire
576 2153 621 2182 B¹‚
647 2162 663 2177 u
687 2162 763 2185 super
782 2162 797 2177 n
817 2153 854 2176 132
963 2152 978 2177 2
998 2153 1040 2177 sed
1062 2152 1113 2183 GR,
1133 2158 1178 2187 prev
1198 2152 1238 2182 M,
1258 2152 1278 2175 si
1298 2151 1385 2183 ssIeyer
1471 2149 1487 2175 3
1505 2150 1634 2181 Agnoscat
1654 2150 1675 2173 C

61 2193 76 2218 4
95 2196 211 2219 confessa
233 2195 259 2224 C,
279 2204 404 2221 conuersa
423 2196 447 2220 B
516 2200 671 2221 ueneremur
686 2197 707 2221 C
773 2197 878 2221 adorent
896 2197 919 2226 (e
938 2204 967 2220 ea:
986 2195 1011 2227 a)
1033 2195 1053 2219 C
1138 2195 1154 2220 5
1173 2195 1291 2226 Quinque
1311 2193 1338 2224 (2¹,
1357 2192 1533 2224 Que(¹1¹)q(1¹e)
1552 2193 1576 2216 Β
1646 2193 1706 2216 luna

62 2237 155 2262 triones
177 2238 203 2268 (Ὗ,
222 2238 284 2263 luna
303 2238 348 2270 (et)
367 2239 474 2271 om(ne)s
494 2239 518 2263 B
597 2239 611 2264 ’ἲ
631 2240 759 2264 tonitruus
779 2240 800 2263 Ο
886 2239 918 2264 13
937 2239 1020 2264 scelus
1039 2239 1071 2269 B,
1090 2239 1159 2263 salus
1179 2237 1290 2262 Arevaco
1360 2237 1451 2268 langor
1469 2236 1493 2259 B
1576 2235 1606 2259 18
1626 2236 1706 2260 tristia

62 2288 125 2304 seua
144 2279 170 2310 C',
191 2281 298 2306 tristicia
316 2282 359 2306 sed
378 2282 402 2306 B
492 2282 524 2307 19
543 2291 574 2307 ex
594 2286 648 2307 arte
669 2283 694 2313 Ο,
713 2282 758 2314 (et)
776 2290 836 2314 aree
855 2282 885 2311 B,
905 2291 971 2307 corr.
992 2282 1034 2305 M²
1126 2280 1161 2305 ‘20
1179 2281 1237 2305 Vua
1256 2280 1290 2310 B,
1315 2281 1372 2311 Qua
1391 2279 1501 2304 „rh-evado
1589 2278 1621 2302 ‘21
1641 2278 1706 2302 Arce

63 2323 108 2347 ubi
129 2323 155 2352 U,
175 2323 289 2356 Aree(m)
308 2325 353 2349 ubi
372 2325 403 2357 B,
422 2329 499 2357 atque
517 2326 552 2350 ibi
571 2326 618 2349 M³

167 2408 290 2434 NOTAE
343 2410 359 2435 2
377 2409 411 2443 cf.
431 2414 454 2443 3,
467 2415 496 2437 91
515 2419 579 2444 ergo
599 2411 680 2437 (lcum
699 2410 722 2436 si
742 2409 825 2436 verba
845 2409 948 2440 colunt,
968 2410 996 2435 et
1014 2416 1089 2434 niens
1109 2408 1253 2433 veneretur
1323 2416 1388 2432 voce
1414 2406 1443 2431 tle
1467 2414 1537 2432 more
1555 2406 1629 2431 clara
1649 2414 1706 2431 mcc

68 2459 167 2492 ἷθθῦηῑῖί
183 2462 216 2492 Cf·
236 2469 267 2487 em
282 2469 322 2495 ΠΥ.
341 2462 460 2495 Norden,
478 2466 534 2490 ant.
554 2463 726 2496 Knnstfflvsa
740 2472 767 2496 11·
781 2467 795 2489 5
813 2471 849 2495 sq.
955 2462 970 2488 7
991 2461 1067 2487 Beda
1085 2460 1117 2486 (le
1135 2460 1177 2485 (lic
1196 2460 1251 2486 iud.
1271 2460 1357 2491 (Giles
1377 2459 1396 2484 I
1402 2468 1430 2491 p.
1451 2460 1508 2490 102)
1527 2461 1572 2484 133
1591 2457 1707 2483 fulmina

64 2511 174 2538 nimbus
199 2512 286 2538 hiems
305 2513 424 2540 tonitrus
448 2514 495 2540 nix
522 2515 628 2549 grando
652 2515 782 2549 procella.
802 2515 836 2546 cf.
856 2517 944 2539 tamen
969 2521 1071 2539 versum
1090 2512 1230 2537 laudatum
1254 2510 1357 2536 Isidoro
1370 2510 1432 2543 orry.
1448 2514 1468 2542 1,
1487 2513 1525 2541 36,
1546 2512 1574 2535 13
1592 2508 1705 2542 (Iulian.

68 2563 122 2590 Tol.
141 2564 258 2591 Gramm.
276 2566 360 2598 suppl.
376 2575 405 2599 p.
426 2566 639 2598 COXXXVII,
665 2568 705 2600 13)
724 2566 821 2593 nubila
844 2566 891 2592 nix
916 2565 1021 2600 grando
1045 2564 1167 2598 procella
1195 2563 1308 2589 flumina
1331 2562 1408 2588 venti
1514 2561 1545 2588 10
1570 2560 1622 2586 hoc
1648 2560 1708 2592 agit

64 2614 81 2640 i.
100 2616 217 2649 agnoscit
234 2616 311 2643 deum
329 2618 402 2651 eique
421 2618 521 2644 oboed'it
539 2626 597 2644 cum
614 2619 683 2645 irato
701 2622 757 2644 tum
772 2618 880 2651 placido
894 2619 927 2649 cf.
941 2620 988 2643 sat.
1004 2621 1031 2643 15
1043 2625 1095 2649 sqq.
1186 2615 1217 2642 12
1237 2615 1270 2646 cf.
1287 2618 1309 2647 2,
1324 2618 1371 2640 427
1390 2614 1518 2647 segregat
1531 2612 1707 2645 omnipotens

65 2667 164 2694 merita
182 2676 232 2702 pro
255 2669 377 2696 moribus
400 2670 473 2696 orbis
580 2672 611 2697 14
630 2671 708 2697 Beda
732 2670 763 2697 de
789 2670 830 2696 die
855 2669 964 2698 imi,115
987 2669 1081 2695 taedia
1103 2667 1236 2694 tristitiae
1261 2668 1324 2693 trux
1343 2665 1499 2699 indignatio
1519 2664 1643 2697 languor.
1664 2667 1708 2688 132

66 2720 160 2746 taedia
187 2720 319 2748 tristitiae
342 2730 423 2748 curae
446 2723 585 2749 tormenta
608 2722 705 2749 ruinae
818 2723 849 2749 16
872 2721 944 2747 Beda
968 2721 998 2747 dc
1022 2721 1064 2746 (lie
1086 2719 1143 2746 iud.
1163 2723 1210 2745 134
1234 2727 1321 2752 angor
1344 2718 1494 2752 paupertas
1513 2724 1619 2742 maeror
1637 2724 1707 2741 mors

68 2779 146 2799 casus
170 2773 279 2805 ⁰530&ssss
395 2775 425 2805 19
452 2774 539 2801 Iacob.
558 2775 631 2808 epist.
649 2779 670 2807 1,
687 2778 723 2802 17.
742 2774 773 2807 cs.
792 2778 813 2807 1,
832 2778 881 2801 564
993 2773 1026 2799 22
1053 2776 1075 2805 2,
1093 2776 1125 2799 30
1147 2771 1206 2798 sine
1229 2772 1281 2797 linc
1300 2778 1399 2804 parens
1419 2768 1530 2795 exordia
1547 2766 1635 2794 nescis
