2106 3061
372 151 406 176 ΙΙ,
437 150 483 176 DE
504 149 689 176 DRACONTI
710 149 937 176 CARMINIBVS
957 151 1146 178 CODICIBVS
1165 152 1406 181 EDITIONlssvs.
1590 153 1709 179 XXXIII

64 240 166 269 tamen
181 237 291 276 stirpis
313 246 351 267 cx
366 246 429 275 qua
451 237 495 266 est
509 235 550 271 B,
575 235 656 274 quod
677 236 756 266 male
780 245 863 265 nunc
876 235 977 266 reddii
994 236 1033 270 A.
1058 238 1146 267 tertio
1162 238 1296 268 incertae
1308 239 1434 276 patriae
1457 242 1484 269 et
1507 241 1627 277 aetatis,
1651 251 1709 279 quo

63 289 207 320 utebatur
229 288 284 327 qui
306 287 475 326 composuit
503 287 535 316 in
557 286 707 325 florileyio
734 286 912 317 Proverbia
936 287 1092 318 Hor-estis.
1144 289 1383 327 antiquissimus
1409 291 1599 330 optimusque
1627 293 1711 323 modo

64 341 142 371 recte
165 339 268 370 utaris
293 338 326 368 in
342 337 499 377 trayoedia
517 337 601 367 testis
624 339 669 367 est
684 337 777 368 codex:
797 337 829 367 B
836 347 873 367 er
881 338 1011 368 nensis
1029 338 1272 377 Bonam-sicinus
1294 340 1334 369 45
1351 349 1427 371 saec,
1443 341 1496 372 IX
1517 343 1598 373 circa
1615 343 1709 375 Pari-
1730 351 1760 375 Β

63 392 180 423 siorum
200 391 279 430 fines
302 389 435 428 scriptus
446 388 478 428 l).
516 388 637 418 exhibet
653 390 725 428 post
741 388 941 428 Lucciuunst)
965 389 1036 419 inde
1059 400 1079 419 a
1100 389 1154 427 fol.
1173 390 1231 420 52⁶
1255 390 1319 420 ord.
1334 392 1356 421 2
1381 390 1497 423 Orestis
1514 395 1709 433 tragyoediam,

64 453 157 482 quarn
187 441 327 481 sequitur
361 440 420 481 fol.
444 440 503 470 59r
530 439 593 470 ord.
617 441 636 469 1
664 439 787 480 quini
820 440 1030 479 fraymentum
1058 440 1093 470 de
1120 442 1336 473 astronomica.
1398 443 1539 482 sin-(sulae
1572 447 1710 485 popinae

65 494 148 525 binis
178 492 340 524 ordinibus
371 491 528 522 continent
557 490 627 531 fere
657 491 784 521 75—7s
811 500 927 521 versus.
979 494 1152 522 cernuntur
1181 503 1275 523 rarae
1305 495 1503 524 correctiones
1528 496 1712 536 plerumque

64 544 269 576 rubricatoris
289 553 387 574 manu
406 541 519 583 factae.
566 542 695 572 codicem
718 552 907 580 quamquam
932 543 992 572 iam
1016 553 1035 573 a
1061 543 1167 573 multis
1191 544 1332 575 conlatus
1358 547 1402 575 est
1431 555 1493 575 non
1516 547 1582 577 sine
1601 547 1712 588 fructu

64 598 129 636 ipse
151 596 251 627 denuo
273 594 389 626 contuli
406 593 527 632 partini
548 593 669 623 Bernae
692 593 802 632 deflens
819 594 941 631 partim
957 594 1096 633 Monaci,
1120 604 1178 633 quo
1201 596 1322 634 cqregtia
1344 596 1406 626 viri
1427 596 1506 627 docti
1529 599 1582 636 qui
1598 599 1710 638 byblio-

65 648 165 679 thecae
193 645 352 677 Bernensi
378 646 502 684 praeest
526 644 798 674 transmittendum
828 645 949 675 curavit
977 645 1160 676 liberalitas.
1212 646 1373 686 descripsit
1402 648 1552 679 librarius
1580 650 1710 680 latinam

65 700 204 739 linquam
221 707 324 737 paene
347 707 409 728 non
433 696 554 727 edoctus
577 706 615 727 cx·
638 696 807 734 exemplari
830 697 1016 727 minusculis
1034 698 1206 737 perscripto
1230 698 1416 738 visiqothicis
1436 701 1469 729 ut
1485 700 1606 731 videtur
1621 703 1712 741 atquc

65 751 184 783 mendis
207 750 273 781 illis
295 749 406 789 quibus
428 749 491 779 iam
515 748 648 779 scatebat
670 748 754 778 illud
770 748 928 786 permulta
952 758 1011 778 sua
1033 748 1154 780 adiecit.
1211 759 1278 779 curn
1302 751 1404 781 tamen
1431 761 1494 781 non
1522 752 1713 784 adulteraret

65 813 143 843 quac
168 801 342 833 inveniebat
363 799 427 830 nisi
450 799 610 830 rarissime
633 801 660 829 et
683 799 910 838 simplicissime
933 801 967 829 ut
990 799 1190 838 aliquatenus
1214 800 1305 831 verba
1328 800 1463 841 efficeret
1487 803 1590 834 latina
1601 804 1634 841 ³),
1658 814 1720 835 cer—

65 855 203 886 tissimus
226 854 327 883 exstat
349 852 415 882 dux
437 850 479 881 ad
501 849 716 889 reperiendum
742 860 844 880 verum
865 850 893 880 ei
909 851 963 889 qui
978 850 1213 890 diliyevzttsstmc
1229 851 1481 891 orthoqraphiam
1497 856 1525 884 ct
1540 854 1720 885 mendorum

63 915 176 946 yenera
198 903 339 936 attendit.
385 903 489 941 itaque
512 901 582 932 dedi
605 902 639 931 in
662 901 830 940 appendice
854 905 897 941 (p.
914 902 992 939 451)
1017 905 1206 941 conspectum
1230 903 1286 933 has
1309 914 1358 935 res
1381 905 1633 937 inlustraturum.

167 959 201 988 at
212 954 443 997 fallacissimus
457 953 645 993 ¹(jubernaz‘or
660 953 819 984 habendus
842 955 886 983 est
902 953 994 984 codex
1009 954 1238 985 recentissimis
1254 955 1525 987 Ambrosianus
1548 957 1581 988 O.
1593 960 1634 988 74
1644 969 1711 998 sup.
1733 964 1762 989 A

65 1009 252 1045 chartaceus,
276 1016 364 1046 quem
386 1005 463 1035 mihi
479 1007 553 1044 post
580 1004 613 1037 Ο.
633 1004 671 1035 G.
689 1004 840 1035 Itsuelleri
862 1005 902 1035 A.
924 1004 1011 1035 Mau
1038 1005 1228 1036 Baehrensi'i
1257 1016 1349 1037 erm-as
1376 1007 1592 1047 beoziynissiine
1619 1011 1713 1041 inter-

66 1061 185 1092 cedente
211 1060 249 1091 G.
265 1057 467 1096 Fumaqallio
490 1056 590 1087 denuo
613 1056 743 1087 contulit
765 1055 807 1087 D.
824 1055 932 1086 Bassi.
972 1056 1068 1087 eidem
1084 1056 1173 1087 debeo
1189 1057 1299 1088 codicis
1315 1058 1557 1097 descriptionem.
1597 1063 1715 1092 constat

65 1113 152 1151 foliis
167 1114 187 1142 3
210 1120 273 1142 non
295 1110 468 1141 numeratis
491 1111 519 1140 et
535 1110 597 1139 183
620 1109 794 1139 numeratis
817 1111 908 1148 atquc
924 1108 1045 1140 videtur
1060 1109 1192 1140 diversis
1208 1111 1281 1141 olim
1292 1111 1440 1149 partibus
1456 1121 1518 1143 csse
1534 1115 1713 1151 compactus,

66 1174 164 1195 vacua
186 1163 268 1194 enim
287 1162 377 1193 habet
391 1161 464 1192 hacc
479 1161 559 1199 folia
574 1161 621 1191 vel
631 1161 770 1201 paqinas
792 1161 843 1192 30.
869 1162 1039 1191 ccv—64²⁷.
1065 1161 1236 1192 79v-—86²’.
1262 1163 1474 1194 1050—111v.
1500 1165 1714 1196 133v-1362.

67 1214 281 1251 wer-1752
307 1214 378 1251 180,
404 1213 473 1244 item
486 1213 625 1251 primum
648 1221 711 1242 non
727 1214 934 1243 numeratum.
972 1213 1007 1242 <in
1023 1213 1076 1243 hoc
1092 1213 1204 1252 leyitur
1220 1213 1381 1244 Felicibus
1398 1214 1468 1245 Ill¹¹¹³
1485 1218 1517 1246 et
1532 1215 1593 1246 Rmi
1608 1215 1714 1247 Fede-

66 1267 124 1298 rici
148 1266 242 1298 Card.
263 1265 475 1296 Borrhomaei
499 1264 648 1305 auspiciis
666 1263 813 1305 Olgiatus
836 1263 916 1294 vidit
939 1274 1021 1295 anno
1044 1265 1132 1304 1603,
1157 1265 1211 1303 qui
1230 1264 1370 1304 Olyiatus
1389 1267 1453 1303 fuit
1462 1267 1587 1306 primus
1603 1267 1716 1306 byblio-

67 1319 168 1350 thecae
191 1317 418 1349 Ambrosianae
436 1315 626 1356 praefectus.
672 1325 750 1354 quac
773 1316 907 1346 continet
928 1315 1020 1346 codcsc
1043 1316 1185 1346 carmina
1207 1316 1280 1347 haec
1303 1319 1392 1348 sunt:

149 1379 179 1420 f.
197 1378 301 1408 1-30
363 1376 500 1417 Vergilii
524 1376 688 1417 poematia

174 1429 320 1460 31—790
367 1428 536 1459 Claudiani
561 1428 797 1468 epigrammata

174 1481 340 1512 87-105υ
362 1479 511 1510 Horestis
535 1478 645 1509 fabula
669 1478 709 1509 ab
735 1478 836 1509 enoch
861 1478 1010 1509 asculano
1035 1481 1164 1520 reperta
1186 1479 1298 1520 incipit

154 1533 341 1562 112-133υ
365 1531 430 1561 Titi
447 1530 611 1571 Calpurnii
629 1530 762 1571 eclogae
780 1533 905 1571 septem
922 1530 1052 1569 (accedit
1067 1530 1283 1567 Nemesianus,
1299 1530 1339 1572 cf.
1359 1530 1447 1571 Calp.
1464 1532 1508 1563 ed.
1527 1532 1567 1564 H.
1583 1532 1714 1563 Schenkl

362 1593 395 1621 p.
413 1582 477 1623 LI)

152 1635 338 1666 137—168v
361 1634 486 1665 Ioviani
508 1633 648 1665 Pontani
671 1633 753 1664 liber
777 1634 827 1664 cui
851 1633 960 1664 titulus
983 1633 1231 1676 Parthenopeus

67 1747 228 1773 persuasum
248 1738 340 1764 habeo
366 1736 540 1770 sexagesimo
564 1735 667 1762 abhinc
699 1744 772 1762 anno
795 1735 920 1762 fabulam
944 1735 973 1761 in
997 1736 1084 1762 Dacia
1107 1737 1248 1770 repertam
1270 1736 1344 1762 inter
1368 1736 1556 1762 vetustissima
1580 1738 1714 1770 quaedam

65 1783 251 1809 Romanorum
276 1780 392 1814 scripta,
421 1780 487 1805 dum
513 1780 659 1813 praeterea
682 1779 789 1805 lumina
814 1778 855 1804 ibi
878 1779 953 1804 haud
977 1787 1067 1812 pauca
1091 1779 1280 1805 intercurrunt
1307 1787 1398 1805 merae
1424 1779 1574 1806 vetustatis
1599 1779 1716 1811 aemula,

66 1834 153 1860 prope
166 1825 277 1851 modum
289 1824 411 1850 adducor
429 1824 461 1849 ut
480 1822 591 1849 credam
610 1822 684 1855 quod
703 1822 744 1847 vis
762 1830 805 1847 me
820 1822 930 1848 credere
949 1830 1007 1848 esse
1026 1821 1055 1848 id
1073 1830 1184 1848 carmen
1204 1822 1279 1848 haud
1292 1821 1379 1848 nostri
1397 1823 1537 1856 temporis
1568 1823 1615 1849 sed
1628 1823 1716 1849 multo

67 1870 149 1903 plura
167 1870 231 1895 sunt
249 1876 320 1901 quae
343 1876 397 1894 non
416 1867 565 1901 patiuntur
589 1876 632 1893 me
657 1868 761 1893 temere
785 1868 850 1893 tuae
875 1866 908 1892 de
930 1868 1071 1893 vetustate
1091 1866 1216 1900 opinioni
1235 1867 1366 1893 accedere
1386 1875 1436 1893 nec
1454 1866 1533 1900 potui
1558 1866 1587 1892 in
1605 1866 1716 1892 assidua

66 1911 204 1939 scribendi
216 1910 400 1945 occupatione
419 1912 511 1936 totum
524 1918 636 1936 carmen
655 1918 705 1943 per
724 1909 814 1936 ocium
833 1909 937 1936 rimari.
968 1918 1064 1935 verum
1082 1910 1148 1942 quia
1161 1910 1287 1943 postulas
1306 1912 1338 1936 ut
1356 1909 1389 1936 de
1409 1918 1441 1935 ea
1460 1911 1521 1935 tota
1539 1908 1616 1934 illius
1629 1908 1717 1942 figura

66 1956 94 1982 in
117 1955 274 1982 universum
297 1954 396 1987 loquar
424 1953 498 1987 quod
522 1953 625 1979 sentio:
658 1954 770 1979 tantum
794 1953 931 1979 affirmare
956 1962 1067 1986 possum
1090 1955 1139 1979 aut
1166 1961 1199 1979 ex
1222 1952 1422 1979 recentioribus
1446 1952 1568 1985 aliquem
1592 1951 1716 1978 extitisse

66 1998 218 2032 aliquando
237 1997 284 2031 qui
303 1997 391 2023 multo
410 1996 529 2022 similior
547 1995 689 2022 veteribus
708 1995 792 2021 fuerit
811 2004 895 2028 quam
919 1995 954 2021 iis
973 2005 1036 2022 cum
1054 1995 1155 2029 quibus
1176 1995 1257 2027 vixit,
1285 1998 1336 2022 aut
1354 1996 1378 2022 si
1396 1995 1549 2030 priscorum
1567 2004 1636 2021 unus
1655 1994 1716 2025 fuit,

66 2042 89 2068 is
110 2043 183 2068 certe
202 2040 345 2067 habendus
365 2041 407 2066 est
430 2039 478 2073 qui
496 2048 529 2065 ex
548 2038 609 2073 ipso
628 2039 664 2065 sit
684 2038 805 2065 carmine
825 2039 955 2072 poeticen
975 2039 1144 2073 auspicatus
1186 2039 1263 2065 Vale.
1308 2047 1340 2065 ex
1360 2039 1410 2064 hac
1433 2039 1541 2071 epistola
1558 2038 1647 2063 hausit
1671 2038 1718 2071 qui

66 2085 168 2118 scripsit
186 2084 216 2109 in
234 2083 300 2109 libro
318 2083 457 2109 ‘Giornale
475 2080 514 2108 de'
533 2082 648 2108 letterati
665 2081 789 2107 d'Italia’
807 2082 837 2107 X
858 2083 870 2114 (
877 2082 989 2107 Venena
1006 2084 1077 2114 1712)
1092 2090 1122 2115 p.
1142 2085 1192 2107 482
1215 2090 1264 2115 per
1283 2082 1355 2108 altro
1374 2082 1403 2107 fu
1422 2081 1514 2107 ordita
1532 2081 1559 2107 al
1579 2080 1717 2108 Sabellico

67 2136 123 2154 una
147 2135 216 2161 poco
242 2126 387 2152 differente
416 2125 579 2159 impostura.
629 2125 737 2159 Angelo
763 2124 892 2159 Vergizio
915 2125 951 2151 da
970 2124 1093 2151 Rettimo
1121 2125 1166 2151 nel
1186 2125 1282 2159 Regno
1305 2125 1334 2151 di
1353 2125 1459 2151 Candia
1481 2124 1522 2159 gli
1540 2125 1640 2151 mando
1662 2133 1717 2150 una

67 2171 206 2206 Tragedia
225 2170 314 2197 latina
332 2169 479 2196 intitolata
497 2168 615 2196 ‘Oreste'
635 2177 710 2195 come
730 2169 825 2194 lavoro
844 2168 873 2194 di
892 2177 973 2194 mano
993 2167 1089 2195 antica
1107 2169 1218 2194 trovato
1237 2168 1284 2202 gia
1297 2168 1330 2194 60
1349 2168 1415 2194 anni
1434 2168 1510 2194 nella
1523 2168 1718 2195 Transilvania

67 2216 112 2241 tra
125 2213 217 2241 alcuni
236 2212 328 2240 scritti
345 2212 532 2239 antichissimi
552 2212 581 2238 di
594 2212 712 2238 Romani
727 2211 800 2242 (inde
817 2219 875 2237 cum
893 2211 992 2237 mendis
1011 2212 1044 2237 A.
1060 2211 1121 2237 Mai
1140 2211 1221 2244 spicil.
1245 2211 1321 2237 Rom.
1335 2211 1355 2236 I
1364 2220 1392 2244 p.
1409 2211 1541 2243 XXIII).
1571 2211 1614 2237 hic
1627 2211 1718 2237 doctus

71 2265 130 2282 cum
152 2264 202 2290 pro
226 2256 317 2282 Dacia
336 2264 416 2288 quam
434 2258 573 2282 vocaverat
593 2254 699 2281 Coccius
714 2257 823 2288 poneret
850 2254 1080 2286 Transiit-aniam,
1108 2254 1210 2287 decepit
1234 2254 1343 2279 Maium
1370 2253 1549 2279 Schenkelium
1572 2254 1718 2286 Peipermn,

68 2308 179 2333 quorum
196 2307 272 2325 nemo
293 2299 381 2332 ipsam
400 2298 520 2324 Sabellici
538 2298 677 2331 epistulam
702 2298 814 2324 evolvere
836 2297 949 2324 studuit.
993 2305 1073 2330 neque
1095 2298 1164 2323 enim
1186 2297 1280 2330 opinor
1301 2296 1411 2323 dubium
1433 2300 1469 2322 est
1494 2297 1560 2330 quin
1589 2297 1718 2331 Verqitius

67 2343 166 2368 miserit
187 2342 313 2368 Sabellico
332 2341 444 2367 codicem
462 2341 518 2367 eius
536 2341 630 2374 stirpis
648 2341 737 2374 qualis
762 2343 797 2366 est
822 2341 848 2366 A
867 2341 901 2373 (v.
912 2349 939 2373 p.
957 2340 1118 2372 XXXIV),
1142 2340 1302 2373 descriptum
1323 2348 1355 2365 ca:
1373 2341 1517 2372 ezcemplari
1540 2340 1574 2366 ab
1591 2340 1719 2366 chocho

67 2386 204 2412 Asculano
221 2385 252 2411 in
264 2385 356 2411 Dacia
369 2384 409 2418 (id
422 2385 512 2417 ipsum
531 2393 549 2409 a
567 2384 681 2417 Veryitio
694 2383 829 2416 discimus)
849 2384 866 2410 i.
885 2384 916 2409 in
930 2383 1026 2409 Dania
1040 2383 1156 2415 invento,
1174 2386 1205 2408 ut
1218 2383 1298 2409 estin
1311 2382 1384 2409 codd.
1404 2383 1531 2409 Vossiano
1549 2386 1571 2409 et
1590 2383 1719 2409 Vaticano

68 2429 213 2462 eleyiarum
233 2428 264 2453 in
288 2428 470 2453 Maecenatem
492 2427 584 2462 elegia
609 2427 718 2462 uirgilii
741 2426 862 2453 maronis
886 2426 915 2452 in
936 2427 1110 2453 mecenatem
1133 2426 1249 2453 inuenta
1278 2426 1314 2453 ab
1336 2426 1431 2452 Henoc
1454 2426 1484 2452 in
1508 2426 1595 2452 Dacia
1618 2427 1651 2458 (υ.
1673 2426 1718 2460 Ty.

71 2472 234 2502 Mommsen,
258 2470 308 2496 Rh.
328 2471 401 2496 Mus.
421 2470 474 2503 V1,
497 2473 578 2503 1848,
602 2472 668 2503 627).
714 2478 773 2496 cum
798 2469 941 2495 Hemchus
963 2469 1045 2495 annis
1068 2473 1163 2495 1451—
1172 2473 1202 2495 55
1221 2470 1255 2502 (v.
1275 2468 1306 2495 G.
1327 2469 1411 2503 Voiyt,
1437 2469 1588 2495 Wiederbel.
1603 2469 1627 2494 d.
1641 2469 1718 2495 hlass.

68 2515 162 2540 Altert.
177 2514 211 2539 1³
228 2522 254 2546 p.
269 2513 391 2546 Zoosqq.)
414 2513 533 2546 regiones
551 2513 773 2546 septentrionales
787 2513 999 2546 permiyraveriu
1018 2513 1097 2538 ctiam
1119 2512 1261 2545 sexayinta
1283 2512 1322 2537 illi
1348 2512 1416 2537 anni
1440 2512 1470 2538 de
1490 2512 1586 2545 quibus
1612 2511 1719 2538 Coccius

68 2557 145 2583 verba
162 2557 231 2589 facit
249 2558 305 2590 fere
323 2556 492 2582 conveniunt.
532 2556 574 2582 his
591 2559 681 2582 autem
700 2556 861 2587 testimoniis,
881 2555 941 2581 dico
958 2555 1054 2581 codicis
1073 2557 1098 2581 A
1117 2558 1140 2581 et
1162 2555 1283 2588 Veryitii,
1308 2555 1509 2581 concinentibus
1531 2555 1647 2588 equidem
1664 2563 1719 2580 non

67 2601 122 2626 iam
141 2599 232 2625 dubito
253 2599 319 2632 quin
341 2607 403 2625 vera
426 2599 461 2624 sit
484 2599 532 2624 illa
555 2599 585 2624 de
606 2599 694 2625 Oreste
716 2599 749 2624 ab
774 2599 904 2625 Henocho
927 2599 1033 2625 invento
1059 2599 1194 2631 memoria,
1213 2599 1374 2632 praesertim
1397 2607 1456 2625 cum
1479 2598 1592 2624 codicem
1616 2598 1641 2623 A
1664 2606 1719 2624 non

68 2651 100 2669 ea:
126 2643 152 2669 Β
171 2651 224 2669 esse
242 2642 404 2676 descriptum
421 2643 488 2668 mihi
506 2645 606 2669 certum
625 2643 666 2675 sit,
684 2642 715 2668 de
734 2651 789 2676 qua
807 2650 834 2668 re
852 2651 874 2669 v.
883 2650 911 2675 p.
928 2642 1068 2668 XXXIV
1083 2645 1137 2669 not.
1150 2646 1172 2668 1.

173 2694 197 2727 1)
216 2702 238 2720 υ.
255 2694 368 2727 Traube,
388 2694 477 2720 Neues
496 2694 594 2720 Archiv
609 2694 630 2726 f.
643 2695 688 2720 a'lt.
704 2694 728 2720 d.
745 2694 1009 2726 Gesch.-Forschun9
1024 2693 1151 2720 XXVII
1160 2702 1190 2727 p.
1205 2697 1258 2720 269.
1344 2693 1370 2727 2)
1388 2702 1409 2719 v.
1423 2693 1552 2719 Lucanus
1565 2693 1603 2719 ed.
1617 2692 1720 2718 Hosius

64 2745 94 2770 p.
111 2737 182 2763 XII.
271 2737 297 2770 3)
316 2738 461 2771 exemplum
479 2737 514 2763 sit
531 2746 554 2764 v.
570 2741 622 2764 862
637 2738 684 2764 ubi
696 2738 858 2771 deplectent
877 2737 916 2767 B;
935 2737 992 2763 sine
1010 2737 1090 2763 dubio
1107 2737 1138 2762 in
1155 2737 1300 2770 eoeemplwri
1311 2736 1415 2763 videbat
1434 2736 1548 2770 deplent
1566 2738 1720 2768 corruptum

69 2787 101 2805 cac
119 2779 228 2806 deflent.

174 2833 337 2857 Semproniis
356 2835 546 2861 AN‘riomssrm
565 2834 632 2857 XIV.
651 2833 671 2857 1.
1502 2839 1516 2856 e
