<?xml version="1.0" encoding="UTF-8"?>
<!DOCTYPE html PUBLIC "-//W3C//DTD XHTML 1.0 Transitional//EN"
    "http://www.w3.org/TR/xhtml1/DTD/xhtml1-transitional.dtd">
<html xmlns="http://www.w3.org/1999/xhtml" xml:lang="en" lang="en">
 <head>
  <title>
</title>
<meta http-equiv="Content-Type" content="text/html;charset=utf-8" />
  <meta name='ocr-system' content='tesseract 3.04.00' />
  <meta name='ocr-capabilities' content='ocr_page ocr_carea ocr_par ocr_line ocrx_word'/>
</head>
<body>
  <div class='ocr_page' id='page_1' title='image "./monumentagermani14geseuoft/monumentagermani14geseuoft_0377.png"; bbox 0 0 2106 3061; ppageno 0'>
   <div class='ocr_carea' id='block_1_1' title="bbox 726 168 1136 198">
    <p class='ocr_par' dir='ltr' id='par_1_1' title="bbox 726 168 1136 198">
     <span class='ocr_line' id='line_1_1' title="bbox 726 168 1136 198; baseline 0.01 -4"><span class='ocrx_word' id='word_1_1' title='bbox 726 168 760 194; x_wconf 89' lang='grc' dir='ltr'>ΙΙ.</span> <span class='ocrx_word' id='word_1_2' title='bbox 796 169 908 195; x_wconf 84' lang='lat' dir='ltr'>INDEX</span> <span class='ocrx_word' id='word_1_3' title='bbox 928 169 1136 198; x_wconf 82' lang='lat' dir='ltr'>VERBORVM.</span> 
     </span>
    </p>
   </div>
   <div class='ocr_carea' id='block_1_2' title="bbox 109 250 909 2826">
    <p class='ocr_par' dir='ltr' id='par_1_2' title="bbox 114 250 904 353">
     <span class='ocr_line' id='line_1_2' title="bbox 114 250 904 285; baseline 0.003 -7"><span class='ocrx_word' id='word_1_4' title='bbox 114 252 182 285; x_wconf 80' lang='lat' dir='ltr'>aes]</span> <span class='ocrx_word' id='word_1_5' title='bbox 202 251 270 278; x_wconf 73' lang='lat' dir='ltr'>Mer.</span> <span class='ocrx_word' id='word_1_6' title='bbox 288 258 358 283; x_wconf 81' lang='lat' dir='ltr'>pros.</span> <span class='ocrx_word' id='word_1_7' title='bbox 377 254 393 276; x_wconf 99' lang='grc'>2</span> <span class='ocrx_word' id='word_1_8' title='bbox 405 250 430 277; x_wconf 87' lang='lat' dir='ltr'><strong><em>A</em></strong></span> <span class='ocrx_word' id='word_1_9' title='bbox 443 254 459 277; x_wconf 88' lang='lat'><em>3</em></span> <span class='ocrx_word' id='word_1_10' title='bbox 477 260 520 277; x_wconf 87' lang='lat' dir='ltr'>me</span> <span class='ocrx_word' id='word_1_11' title='bbox 534 271 539 277; x_wconf 95' lang='lat'>.</span> <span class='ocrx_word' id='word_1_12' title='bbox 554 271 559 277; x_wconf 96' lang='lat'>.</span> <span class='ocrx_word' id='word_1_13' title='bbox 577 272 582 277; x_wconf 93' lang='lat'>.</span> <span class='ocrx_word' id='word_1_14' title='bbox 601 252 707 278; x_wconf 85' lang='lat' dir='ltr'>victuro</span> <span class='ocrx_word' id='word_1_15' title='bbox 726 261 788 279; x_wconf 81' lang='lat' dir='ltr'>aero</span> <span class='ocrx_word' id='word_1_16' title='bbox 807 254 904 280; x_wconf 80' lang='lat' dir='ltr'>sonna-</span> 
     </span>
     <span class='ocr_line' id='line_1_3' title="bbox 148 285 904 320; baseline 0.003 -8"><span class='ocrx_word' id='word_1_17' title='bbox 148 286 197 312; x_wconf 82' lang='lat' dir='ltr'>vit.</span> <span class='ocrx_word' id='word_1_18' title='bbox 233 285 316 311; x_wconf 70' lang='lat' dir='ltr'>Dran.</span> <span class='ocrx_word' id='word_1_19' title='bbox 336 285 422 312; x_wconf 84' lang='lat' dir='ltr'>V229</span> <span class='ocrx_word' id='word_1_20' title='bbox 448 293 503 311; x_wconf 87' lang='lat' dir='ltr'>non</span> <span class='ocrx_word' id='word_1_21' title='bbox 522 294 587 312; x_wconf 87' lang='lat' dir='ltr'>aera</span> <span class='ocrx_word' id='word_1_22' title='bbox 613 286 726 320; x_wconf 80' lang='lat' dir='ltr'>micent,</span> <span class='ocrx_word' id='word_1_23' title='bbox 752 296 806 314; x_wconf 93' lang='lat' dir='ltr'>non</span> <span class='ocrx_word' id='word_1_24' title='bbox 837 297 904 314; x_wconf 84' lang='lat' dir='ltr'>mar-</span> 
     </span>
     <span class='ocr_line' id='line_1_4' title="bbox 147 320 363 353; baseline -0.009 -7"><span class='ocrx_word' id='word_1_25' title='bbox 147 328 223 346; x_wconf 90' lang='lat' dir='ltr'>mora</span> <span class='ocrx_word' id='word_1_26' title='bbox 241 320 363 353; x_wconf 76' lang='lat' dir='ltr'>surgant.</span> 
     </span>
    </p>

    <p class='ocr_par' dir='ltr' id='par_1_3' title="bbox 113 353 755 387">
     <span class='ocr_line' id='line_1_5' title="bbox 113 353 755 387; baseline 0 -6"><span class='ocrx_word' id='word_1_27' title='bbox 113 354 240 387; x_wconf 81' lang='lat' dir='ltr'>aestas]</span> <span class='ocrx_word' id='word_1_28' title='bbox 259 357 281 385; x_wconf 87' lang='grc'>2,</span> <span class='ocrx_word' id='word_1_29' title='bbox 294 357 339 380; x_wconf 92' lang='grc'>215</span> <span class='ocrx_word' id='word_1_30' title='bbox 357 353 443 387; x_wconf 86' lang='lat' dir='ltr'>frigus</span> <span class='ocrx_word' id='word_1_31' title='bbox 462 354 490 379; x_wconf 87' lang='lat' dir='ltr'>et</span> <span class='ocrx_word' id='word_1_32' title='bbox 508 355 606 380; x_wconf 90' lang='lat' dir='ltr'>aestas.</span> <span class='ocrx_word' id='word_1_33' title='bbox 659 363 681 381; x_wconf 88' lang='lat' dir='ltr'>v.</span> <span class='ocrx_word' id='word_1_34' title='bbox 700 364 755 381; x_wconf 88' lang='lat' dir='ltr'>ver.</span> 
     </span>
    </p>

    <p class='ocr_par' dir='ltr' id='par_1_4' title="bbox 113 388 804 422">
     <span class='ocr_line' id='line_1_6' title="bbox 113 388 804 422; baseline 0 -7"><span class='ocrx_word' id='word_1_35' title='bbox 113 388 272 420; x_wconf 72' lang='lat' dir='ltr'><strong>aestifer]</strong></span> <span class='ocrx_word' id='word_1_36' title='bbox 292 388 365 422; x_wconf 74' lang='lat' dir='ltr'>Euy.</span> <span class='ocrx_word' id='word_1_37' title='bbox 384 395 404 413; x_wconf 82' lang='lat' dir='ltr'>e.</span> <span class='ocrx_word' id='word_1_38' title='bbox 424 391 476 419; x_wconf 90' lang='lat'><strong><em>101,</em></strong></span> <span class='ocrx_word' id='word_1_39' title='bbox 490 392 505 414; x_wconf 90' lang='lat'><strong><em>6</em></strong></span> <span class='ocrx_word' id='word_1_40' title='bbox 523 389 602 421; x_wconf 87' lang='lat' dir='ltr'>polus</span> <span class='ocrx_word' id='word_1_41' title='bbox 621 409 627 414; x_wconf 94' lang='lat'>.</span> <span class='ocrx_word' id='word_1_42' title='bbox 641 409 666 415; x_wconf 93' lang='lat'>..</span> <span class='ocrx_word' id='word_1_43' title='bbox 685 389 804 416; x_wconf 75' lang='lat' dir='ltr'><strong>aestifer.</strong></span> 
     </span>
    </p>

    <p class='ocr_par' dir='ltr' id='par_1_5' title="bbox 113 422 903 456">
     <span class='ocr_line' id='line_1_7' title="bbox 113 422 903 456; baseline 0.001 -7"><span class='ocrx_word' id='word_1_44' title='bbox 113 422 331 454; x_wconf 87' lang='lat' dir='ltr'>aestimator]</span> <span class='ocrx_word' id='word_1_45' title='bbox 353 422 420 448; x_wconf 84' lang='lat' dir='ltr'>Mer.</span> <span class='ocrx_word' id='word_1_46' title='bbox 430 430 501 454; x_wconf 77' lang='lat' dir='ltr'>pros.</span> <span class='ocrx_word' id='word_1_47' title='bbox 514 426 530 448; x_wconf 88' lang='lat'><em>2</em></span> <span class='ocrx_word' id='word_1_48' title='bbox 543 423 570 448; x_wconf 90' lang='lat' dir='ltr'><strong><em>B</em></strong></span> <span class='ocrx_word' id='word_1_49' title='bbox 583 427 595 448; x_wconf 91' lang='lat'>1</span> <span class='ocrx_word' id='word_1_50' title='bbox 611 422 675 456; x_wconf 85' lang='lat' dir='ltr'>(t&gt;ui</span> <span class='ocrx_word' id='word_1_51' title='bbox 690 424 851 450; x_wconf 85' lang='lat' dir='ltr'>aestimator</span> <span class='ocrx_word' id='word_1_52' title='bbox 867 433 903 451; x_wconf 84' lang='lat' dir='ltr'>cs.</span> 
     </span>
    </p>

    <p class='ocr_par' dir='ltr' id='par_1_6' title="bbox 114 456 907 620">
     <span class='ocr_line' id='line_1_8' title="bbox 114 456 903 490; baseline 0 -6"><span class='ocrx_word' id='word_1_53' title='bbox 114 456 285 490; x_wconf 87' lang='lat' dir='ltr'>aestivus]</span> <span class='ocrx_word' id='word_1_54' title='bbox 305 456 373 482; x_wconf 83' lang='lat' dir='ltr'>Mer.</span> <span class='ocrx_word' id='word_1_55' title='bbox 386 464 406 482; x_wconf 85' lang='lat' dir='ltr'>c.</span> <span class='ocrx_word' id='word_1_56' title='bbox 417 459 439 486; x_wconf 87' lang='grc'>3,</span> <span class='ocrx_word' id='word_1_57' title='bbox 453 461 466 482; x_wconf 95' lang='grc'>1</span> <span class='ocrx_word' id='word_1_58' title='bbox 485 456 632 490; x_wconf 80' lang='lat' dir='ltr'>(ex&gt;plieat</span> <span class='ocrx_word' id='word_1_59' title='bbox 650 458 786 483; x_wconf 83' lang='lat' dir='ltr'>aestivas.</span> <span class='ocrx_word' id='word_1_60' title='bbox 802 479 807 484; x_wconf 89' lang='lat'>.</span> <span class='ocrx_word' id='word_1_61' title='bbox 821 479 826 485; x_wconf 94' lang='lat'>.</span> <span class='ocrx_word' id='word_1_62' title='bbox 846 468 903 484; x_wconf 87' lang='lat' dir='ltr'>um-</span> 
     </span>
     <span class='ocr_line' id='line_1_9' title="bbox 146 490 906 524; baseline 0.003 -8"><span class='ocrx_word' id='word_1_63' title='bbox 146 491 208 517; x_wconf 83' lang='lat' dir='ltr'>bras</span> <span class='ocrx_word' id='word_1_64' title='bbox 292 490 368 516; x_wconf 85' lang='lat' dir='ltr'>silva.</span> <span class='ocrx_word' id='word_1_65' title='bbox 411 490 496 516; x_wconf 81' lang='lat' dir='ltr'>Drae.</span> <span class='ocrx_word' id='word_1_66' title='bbox 514 493 537 522; x_wconf 88' lang='lat'>3,</span> <span class='ocrx_word' id='word_1_67' title='bbox 556 494 591 517; x_wconf 87' lang='lat'>60</span> <span class='ocrx_word' id='word_1_68' title='bbox 615 491 662 524; x_wconf 91' lang='lat' dir='ltr'>qui</span> <span class='ocrx_word' id='word_1_69' title='bbox 681 492 752 518; x_wconf 88' lang='lat' dir='ltr'>solet</span> <span class='ocrx_word' id='word_1_70' title='bbox 770 493 906 519; x_wconf 85' lang='lat' dir='ltr'>aestivum</span> 
     </span>
     <span class='ocr_line' id='line_1_10' title="bbox 148 524 904 558; baseline 0.003 -8"><span class='ocrx_word' id='word_1_71' title='bbox 148 524 274 551; x_wconf 78' lang='lat' dir='ltr'>membris</span> <span class='ocrx_word' id='word_1_72' title='bbox 304 524 467 550; x_wconf 81' lang='lat' dir='ltr'><strong>sudantibus</strong></span> <span class='ocrx_word' id='word_1_73' title='bbox 497 527 601 550; x_wconf 85' lang='lat' dir='ltr'>ostrum</span> <span class='ocrx_word' id='word_1_74' title='bbox 632 534 741 558; x_wconf 86' lang='lat' dir='ltr'>poscere</span> <span class='ocrx_word' id='word_1_75' title='bbox 769 527 803 558; x_wconf 82' lang='lat' dir='ltr'>cf.</span> <span class='ocrx_word' id='word_1_76' title='bbox 832 530 904 553; x_wconf 77' lang='lat' dir='ltr'>nota.</span> 
     </span>
     <span class='ocr_line' id='line_1_11' title="bbox 145 558 907 594; baseline 0.004 -10"><span class='ocrx_word' id='word_1_77' title='bbox 145 559 217 592; x_wconf 74' lang='lat' dir='ltr'>Euy.</span> <span class='ocrx_word' id='word_1_78' title='bbox 229 567 249 587; x_wconf 79' lang='grc' dir='ltr'>ο.</span> <span class='ocrx_word' id='word_1_79' title='bbox 266 561 301 591; x_wconf 89' lang='grc'>73,</span> <span class='ocrx_word' id='word_1_80' title='bbox 315 563 328 584; x_wconf 92' lang='grc'>1</span> <span class='ocrx_word' id='word_1_81' title='bbox 347 559 451 585; x_wconf 89' lang='lat' dir='ltr'>aestivo</span> <span class='ocrx_word' id='word_1_82' title='bbox 470 558 489 585; x_wconf 87' lang='lat' dir='ltr'>i.</span> <span class='ocrx_word' id='word_1_83' title='bbox 501 561 598 585; x_wconf 77' lang='lat' dir='ltr'><em>aestate</em></span> <span class='ocrx_word' id='word_1_84' title='bbox 616 560 685 593; x_wconf 79' lang='lat' dir='ltr'>(opp.</span> <span class='ocrx_word' id='word_1_85' title='bbox 699 560 821 594; x_wconf 83' lang='lat' dir='ltr'>frigore).</span> <span class='ocrx_word' id='word_1_86' title='bbox 842 564 877 592; x_wconf 90' lang='grc'>73,</span> <span class='ocrx_word' id='word_1_87' title='bbox 892 565 907 587; x_wconf 86' lang='grc'>2</span> 
     </span>
     <span class='ocr_line' id='line_1_12' title="bbox 147 593 467 620; baseline 0 -1"><span class='ocrx_word' id='word_1_88' title='bbox 147 593 266 620; x_wconf 87' lang='lat' dir='ltr'>aestivos</span> <span class='ocrx_word' id='word_1_89' title='bbox 288 613 293 619; x_wconf 95' lang='lat'>.</span> <span class='ocrx_word' id='word_1_90' title='bbox 307 614 313 619; x_wconf 92' lang='lat'>.</span> <span class='ocrx_word' id='word_1_91' title='bbox 327 614 331 619; x_wconf 95' lang='lat'>.</span> <span class='ocrx_word' id='word_1_92' title='bbox 352 593 467 619; x_wconf 88' lang='lat' dir='ltr'>morbos.</span> 
     </span>
    </p>

    <p class='ocr_par' dir='ltr' id='par_1_7' title="bbox 112 627 906 860">
     <span class='ocr_line' id='line_1_13' title="bbox 112 627 903 661; baseline 0.001 -7"><span class='ocrx_word' id='word_1_93' title='bbox 112 628 249 661; x_wconf 90' lang='lat' dir='ltr'>aestuo]</span> <span class='ocrx_word' id='word_1_94' title='bbox 271 627 339 654; x_wconf 80' lang='lat' dir='ltr'>Mer.</span> <span class='ocrx_word' id='word_1_95' title='bbox 354 630 424 660; x_wconf 77' lang='lat' dir='ltr'>poet.</span> <span class='ocrx_word' id='word_1_96' title='bbox 445 631 475 653; x_wconf 88' lang='lat'><strong><em>96</em></strong></span> <span class='ocrx_word' id='word_1_97' title='bbox 493 628 568 654; x_wconf 88' lang='lat' dir='ltr'>furor</span> <span class='ocrx_word' id='word_1_98' title='bbox 586 629 694 654; x_wconf 89' lang='lat' dir='ltr'>aestuet</span> <span class='ocrx_word' id='word_1_99' title='bbox 711 628 780 654; x_wconf 87' lang='lat' dir='ltr'>auri.</span> <span class='ocrx_word' id='word_1_100' title='bbox 818 628 903 655; x_wconf 79' lang='lat' dir='ltr'>Drac.</span> 
     </span>
     <span class='ocr_line' id='line_1_14' title="bbox 145 662 905 696; baseline 0.003 -9"><span class='ocrx_word' id='word_1_101' title='bbox 145 665 168 694; x_wconf 89' lang='lat'>2,</span> <span class='ocrx_word' id='word_1_102' title='bbox 181 665 232 688; x_wconf 85' lang='grc'>349</span> <span class='ocrx_word' id='word_1_103' title='bbox 244 663 353 688; x_wconf 79' lang='lat' dir='ltr'>aestuat</span> <span class='ocrx_word' id='word_1_104' title='bbox 366 662 501 688; x_wconf 87' lang='lat' dir='ltr'>undosum</span> <span class='ocrx_word' id='word_1_105' title='bbox 514 663 638 696; x_wconf 81' lang='lat' dir='ltr'>pelagus.</span> <span class='ocrx_word' id='word_1_106' title='bbox 666 665 689 693; x_wconf 90' lang='lat'>3,</span> <span class='ocrx_word' id='word_1_107' title='bbox 701 667 733 689; x_wconf 89' lang='lat'>45</span> <span class='ocrx_word' id='word_1_108' title='bbox 752 663 801 689; x_wconf 93' lang='lat' dir='ltr'>sub</span> <span class='ocrx_word' id='word_1_109' title='bbox 818 663 905 690; x_wconf 90' lang='lat' dir='ltr'>divite</span> 
     </span>
     <span class='ocr_line' id='line_1_15' title="bbox 145 697 904 724; baseline 0.003 -2"><span class='ocrx_word' id='word_1_110' title='bbox 145 704 256 722; x_wconf 90' lang='lat' dir='ltr'>nummo</span> <span class='ocrx_word' id='word_1_111' title='bbox 275 697 385 722; x_wconf 75' lang='lat' dir='ltr'><strong>aestuat</strong></span> <span class='ocrx_word' id='word_1_112' title='bbox 403 704 508 722; x_wconf 81' lang='lat' dir='ltr'>avarus.</span> <span class='ocrx_word' id='word_1_113' title='bbox 544 697 579 722; x_wconf 92' lang='lat'>11</span> <span class='ocrx_word' id='word_1_114' title='bbox 595 700 627 723; x_wconf 86' lang='lat'>32</span> <span class='ocrx_word' id='word_1_115' title='bbox 644 697 777 723; x_wconf 78' lang='lat' dir='ltr'>anhelans</span> <span class='ocrx_word' id='word_1_116' title='bbox 795 699 904 724; x_wconf 77' lang='lat' dir='ltr'>aestuet</span> 
     </span>
     <span class='ocr_line' id='line_1_16' title="bbox 144 730 905 765; baseline 0.003 -9"><span class='ocrx_word' id='word_1_117' title='bbox 144 738 236 756; x_wconf 81' lang='lat' dir='ltr'>amore.</span> <span class='ocrx_word' id='word_1_118' title='bbox 283 730 314 756; x_wconf 93' lang='lat' dir='ltr'>X</span> <span class='ocrx_word' id='word_1_119' title='bbox 344 734 393 756; x_wconf 82' lang='lat'>242</span> <span class='ocrx_word' id='word_1_120' title='bbox 419 732 529 756; x_wconf 83' lang='lat' dir='ltr'>aestuat</span> <span class='ocrx_word' id='word_1_121' title='bbox 550 751 555 757; x_wconf 91' lang='lat'>.</span> <span class='ocrx_word' id='word_1_122' title='bbox 575 751 580 756; x_wconf 95' lang='lat'>.</span> <span class='ocrx_word' id='word_1_123' title='bbox 600 751 606 757; x_wconf 95' lang='lat'>.</span> <span class='ocrx_word' id='word_1_124' title='bbox 633 731 754 765; x_wconf 86' lang='lat' dir='ltr'>repetita</span> <span class='ocrx_word' id='word_1_125' title='bbox 781 732 905 758; x_wconf 84' lang='lat' dir='ltr'>sacerdos</span> 
     </span>
     <span class='ocr_line' id='line_1_17' title="bbox 144 765 906 798; baseline 0.003 -8"><span class='ocrx_word' id='word_1_126' title='bbox 144 765 257 798; x_wconf 87' lang='lat' dir='ltr'>ignibus</span> <span class='ocrx_word' id='word_1_127' title='bbox 283 765 397 790; x_wconf 70' lang='lat' dir='ltr'>Amoris.</span> <span class='ocrx_word' id='word_1_128' title='bbox 442 768 489 791; x_wconf 86' lang='lat'>372</span> <span class='ocrx_word' id='word_1_129' title='bbox 515 765 656 791; x_wconf 86' lang='lat' dir='ltr'>flammata</span> <span class='ocrx_word' id='word_1_130' title='bbox 681 766 771 792; x_wconf 88' lang='lat' dir='ltr'>nitore</span> <span class='ocrx_word' id='word_1_131' title='bbox 799 766 906 793; x_wconf 85' lang='lat' dir='ltr'>Iasonis</span> 
     </span>
     <span class='ocr_line' id='line_1_18' title="bbox 145 798 904 834; baseline 0.004 -10"><span class='ocrx_word' id='word_1_132' title='bbox 145 800 256 825; x_wconf 78' lang='lat' dir='ltr'>aestuat</span> <span class='ocrx_word' id='word_1_133' title='bbox 277 798 383 825; x_wconf 80' lang='lat' dir='ltr'>Glauce.</span> <span class='ocrx_word' id='word_1_134' title='bbox 423 798 468 825; x_wconf 94' lang='lat' dir='ltr'>Or.</span> <span class='ocrx_word' id='word_1_135' title='bbox 486 802 534 825; x_wconf 89' lang='lat'>313</span> <span class='ocrx_word' id='word_1_136' title='bbox 551 801 662 826; x_wconf 81' lang='lat' dir='ltr'>aestuat</span> <span class='ocrx_word' id='word_1_137' title='bbox 676 800 824 834; x_wconf 79' lang='lat' dir='ltr'>impatiens</span> <span class='ocrx_word' id='word_1_138' title='bbox 842 801 904 828; x_wconf 88' lang='lat' dir='ltr'>irae.</span> 
     </span>
     <span class='ocr_line' id='line_1_19' title="bbox 145 834 571 860; baseline 0 -1"><span class='ocrx_word' id='word_1_139' title='bbox 145 841 224 860; x_wconf 85' lang='lat' dir='ltr'>mens.</span> <span class='ocrx_word' id='word_1_140' title='bbox 236 837 268 859; x_wconf 88' lang='lat'>17</span> <span class='ocrx_word' id='word_1_141' title='bbox 284 834 394 859; x_wconf 81' lang='lat' dir='ltr'>aestuat</span> <span class='ocrx_word' id='word_1_142' title='bbox 413 834 571 860; x_wconf 86' lang='lat' dir='ltr'>autumnus.</span> 
     </span>
    </p>

    <p class='ocr_par' dir='ltr' id='par_1_8' title="bbox 111 867 905 1004">
     <span class='ocr_line' id='line_1_20' title="bbox 111 867 904 902; baseline 0.001 -9"><span class='ocrx_word' id='word_1_143' title='bbox 111 867 239 900; x_wconf 85' lang='lat' dir='ltr'>aestus]</span> <span class='ocrx_word' id='word_1_144' title='bbox 259 871 280 900; x_wconf 82' lang='lat'>1,</span> <span class='ocrx_word' id='word_1_145' title='bbox 296 871 344 894; x_wconf 87' lang='lat'>745</span> <span class='ocrx_word' id='word_1_146' title='bbox 363 868 494 894; x_wconf 82' lang='lat' dir='ltr'>sermonis</span> <span class='ocrx_word' id='word_1_147' title='bbox 513 868 548 894; x_wconf 85' lang='lat' dir='ltr'>ad</span> <span class='ocrx_word' id='word_1_148' title='bbox 561 868 682 902; x_wconf 87' lang='lat' dir='ltr'>aestu(m</span> <span class='ocrx_word' id='word_1_149' title='bbox 694 868 718 901; x_wconf 78' lang='lat'>?)</span> <span class='ocrx_word' id='word_1_150' title='bbox 741 877 804 902; x_wconf 87' lang='lat' dir='ltr'>spes</span> <span class='ocrx_word' id='word_1_151' title='bbox 816 868 904 895; x_wconf 88' lang='lat' dir='ltr'>homi-</span> 
     </span>
     <span class='ocr_line' id='line_1_21' title="bbox 144 902 905 936; baseline 0.003 -9"><span class='ocrx_word' id='word_1_152' title='bbox 144 911 208 928; x_wconf 91' lang='lat' dir='ltr'>num</span> <span class='ocrx_word' id='word_1_153' title='bbox 228 902 373 928; x_wconf 87' lang='lat' dir='ltr'>intendens</span> <span class='ocrx_word' id='word_1_154' title='bbox 387 902 538 935; x_wconf 81' lang='lat' dir='ltr'>(languoris</span> <span class='ocrx_word' id='word_1_155' title='bbox 557 902 591 928; x_wconf 86' lang='lat' dir='ltr'>ad</span> <span class='ocrx_word' id='word_1_156' title='bbox 605 904 696 928; x_wconf 87' lang='lat' dir='ltr'>aestus</span> <span class='ocrx_word' id='word_1_157' title='bbox 709 903 789 936; x_wconf 78' lang='lat' dir='ltr'>Euy.)</span> <span class='ocrx_word' id='word_1_158' title='bbox 819 906 842 935; x_wconf 88' lang='lat'>2,</span> <span class='ocrx_word' id='word_1_159' title='bbox 855 906 905 929; x_wconf 84' lang='lat'>353</span> 
     </span>
     <span class='ocr_line' id='line_1_22' title="bbox 144 936 903 971; baseline 0.001 -9"><span class='ocrx_word' id='word_1_160' title='bbox 144 937 235 962; x_wconf 87' lang='lat' dir='ltr'>aestus</span> <span class='ocrx_word' id='word_1_161' title='bbox 260 938 288 962; x_wconf 89' lang='lat' dir='ltr'>et</span> <span class='ocrx_word' id='word_1_162' title='bbox 313 936 388 962; x_wconf 88' lang='lat' dir='ltr'>unda</span> <span class='ocrx_word' id='word_1_163' title='bbox 414 937 505 962; x_wconf 87' lang='lat' dir='ltr'>maris.</span> <span class='ocrx_word' id='word_1_164' title='bbox 545 939 568 969; x_wconf 87' lang='lat'>3,</span> <span class='ocrx_word' id='word_1_165' title='bbox 583 939 631 963; x_wconf 84' lang='lat'>305</span> <span class='ocrx_word' id='word_1_166' title='bbox 655 937 728 963; x_wconf 84' lang='lat' dir='ltr'>inter</span> <span class='ocrx_word' id='word_1_167' title='bbox 746 939 903 971; x_wconf 80' lang='lat' dir='ltr'>serpentum</span> 
     </span>
     <span class='ocr_line' id='line_1_23' title="bbox 143 970 815 1004; baseline 0.003 -8"><span class='ocrx_word' id='word_1_168' title='bbox 143 971 246 1004; x_wconf 83' lang='lat' dir='ltr'>glacies</span> <span class='ocrx_word' id='word_1_169' title='bbox 264 971 350 1004; x_wconf 85' lang='lat' dir='ltr'>atque</span> <span class='ocrx_word' id='word_1_170' title='bbox 368 970 438 996; x_wconf 86' lang='lat' dir='ltr'>aeris</span> <span class='ocrx_word' id='word_1_171' title='bbox 458 972 557 997; x_wconf 65' lang='lat' dir='ltr'>aestus</span> <span class='ocrx_word' id='word_1_172' title='bbox 611 979 633 998; x_wconf 80' lang='lat' dir='ltr'>v.</span> <span class='ocrx_word' id='word_1_173' title='bbox 653 972 815 1004; x_wconf 80' lang='lat' dir='ltr'>temperare.</span> 
     </span>
    </p>

    <p class='ocr_par' dir='ltr' id='par_1_9' title="bbox 110 1004 904 1203">
     <span class='ocr_line' id='line_1_24' title="bbox 110 1004 903 1038; baseline 0.003 -8"><span class='ocrx_word' id='word_1_174' title='bbox 110 1005 222 1038; x_wconf 86' lang='lat' dir='ltr'>aetas]</span> <span class='ocrx_word' id='word_1_175' title='bbox 242 1005 311 1030; x_wconf 80' lang='lat' dir='ltr'>Mer.</span> <span class='ocrx_word' id='word_1_176' title='bbox 326 1004 420 1031; x_wconf 78' lang='lat' dir='ltr'>Christ.</span> <span class='ocrx_word' id='word_1_177' title='bbox 434 1009 466 1031; x_wconf 90' lang='lat'>10</span> <span class='ocrx_word' id='word_1_178' title='bbox 484 1005 585 1031; x_wconf 85' lang='lat' dir='ltr'>aetatis</span> <span class='ocrx_word' id='word_1_179' title='bbox 599 1005 700 1031; x_wconf 90' lang='lat' dir='ltr'>sentire</span> <span class='ocrx_word' id='word_1_180' title='bbox 713 1005 793 1032; x_wconf 86' lang='lat' dir='ltr'>vices.</span> <span class='ocrx_word' id='word_1_181' title='bbox 818 1006 903 1032; x_wconf 83' lang='lat' dir='ltr'>Drac.</span> 
     </span>
     <span class='ocr_line' id='line_1_25' title="bbox 143 1039 903 1074; baseline 0 -8"><span class='ocrx_word' id='word_1_182' title='bbox 143 1042 166 1071; x_wconf 83' lang='lat'>2,</span> <span class='ocrx_word' id='word_1_183' title='bbox 184 1043 217 1066; x_wconf 89' lang='lat'>94</span> <span class='ocrx_word' id='word_1_184' title='bbox 243 1039 343 1065; x_wconf 90' lang='lat' dir='ltr'>diversi</span> <span class='ocrx_word' id='word_1_185' title='bbox 370 1039 502 1072; x_wconf 83' lang='lat' dir='ltr'>temporis</span> <span class='ocrx_word' id='word_1_186' title='bbox 531 1041 608 1066; x_wconf 88' lang='lat' dir='ltr'>aetas</span> <span class='ocrx_word' id='word_1_187' title='bbox 640 1041 674 1072; x_wconf 86' lang='lat'>(2,</span> <span class='ocrx_word' id='word_1_188' title='bbox 696 1041 764 1074; x_wconf 80' lang='lat'><em>344).</em></span> <span class='ocrx_word' id='word_1_189' title='bbox 808 1043 831 1071; x_wconf 90' lang='grc'>3,</span> <span class='ocrx_word' id='word_1_190' title='bbox 857 1044 903 1066; x_wconf 87' lang='grc'>161</span> 
     </span>
     <span class='ocr_line' id='line_1_26' title="bbox 143 1073 904 1107; baseline 0.001 -8"><span class='ocrx_word' id='word_1_191' title='bbox 143 1074 264 1099; x_wconf 86' lang='lat' dir='ltr'>aetatem</span> <span class='ocrx_word' id='word_1_192' title='bbox 284 1073 379 1099; x_wconf 86' lang='lat' dir='ltr'>mundi</span> <span class='ocrx_word' id='word_1_193' title='bbox 402 1074 525 1100; x_wconf 89' lang='lat' dir='ltr'>retinens</span> <span class='ocrx_word' id='word_1_194' title='bbox 546 1082 611 1107; x_wconf 67' lang='lat' dir='ltr'>qens</span> <span class='ocrx_word' id='word_1_195' title='bbox 629 1074 759 1100; x_wconf 75' lang='lat' dir='ltr'>Abrahae.</span> <span class='ocrx_word' id='word_1_196' title='bbox 795 1077 844 1100; x_wconf 81' lang='lat' dir='ltr'>sat.</span> <span class='ocrx_word' id='word_1_197' title='bbox 858 1078 904 1100; x_wconf 83' lang='lat'>221</span> 
     </span>
     <span class='ocr_line' id='line_1_27' title="bbox 144 1108 903 1142; baseline 0.001 -9"><span class='ocrx_word' id='word_1_198' title='bbox 144 1116 190 1134; x_wconf 81' lang='lat' dir='ltr'>sex</span> <span class='ocrx_word' id='word_1_199' title='bbox 216 1109 281 1134; x_wconf 82' lang='lat' dir='ltr'>sunt</span> <span class='ocrx_word' id='word_1_200' title='bbox 308 1109 413 1134; x_wconf 85' lang='lat' dir='ltr'>aetates</span> <span class='ocrx_word' id='word_1_201' title='bbox 441 1108 584 1135; x_wconf 87' lang='lat' dir='ltr'>hominum</span> <span class='ocrx_word' id='word_1_202' title='bbox 612 1108 696 1142; x_wconf 70' lang='lat' dir='ltr'>(Euy.</span> <span class='ocrx_word' id='word_1_203' title='bbox 724 1111 832 1135; x_wconf 76' lang='lat' dir='ltr'>monost.</span> <span class='ocrx_word' id='word_1_204' title='bbox 851 1110 903 1142; x_wconf 90' lang='lat'><strong><em>27).</em></strong></span> 
     </span>
     <span class='ocr_line' id='line_1_28' title="bbox 142 1142 903 1171; baseline 0.001 -3"><span class='ocrx_word' id='word_1_205' title='bbox 142 1145 190 1168; x_wconf 90' lang='grc'>236</span> <span class='ocrx_word' id='word_1_206' title='bbox 215 1143 295 1168; x_wconf 80' lang='lat' dir='ltr'>lunae</span> <span class='ocrx_word' id='word_1_207' title='bbox 324 1142 360 1168; x_wconf 88' lang='lat' dir='ltr'>ad</span> <span class='ocrx_word' id='word_1_208' title='bbox 389 1143 518 1171; x_wconf 73' lang='lat' dir='ltr'>aetatem.</span> <span class='ocrx_word' id='word_1_209' title='bbox 568 1146 614 1169; x_wconf 85' lang='lat'>255</span> <span class='ocrx_word' id='word_1_210' title='bbox 640 1143 745 1169; x_wconf 89' lang='lat' dir='ltr'>homini</span> <span class='ocrx_word' id='word_1_211' title='bbox 772 1152 822 1169; x_wconf 85' lang='lat' dir='ltr'>sua</span> <span class='ocrx_word' id='word_1_212' title='bbox 849 1152 903 1170; x_wconf 91' lang='lat' dir='ltr'>non</span> 
     </span>
     <span class='ocr_line' id='line_1_29' title="bbox 143 1176 526 1203; baseline 0 -1"><span class='ocrx_word' id='word_1_213' title='bbox 143 1176 215 1203; x_wconf 88' lang='lat' dir='ltr'>redit</span> <span class='ocrx_word' id='word_1_214' title='bbox 232 1178 317 1203; x_wconf 89' lang='lat' dir='ltr'>aetas.</span> <span class='ocrx_word' id='word_1_215' title='bbox 387 1185 408 1202; x_wconf 90' lang='lat' dir='ltr'>v.</span> <span class='ocrx_word' id='word_1_216' title='bbox 427 1177 526 1203; x_wconf 90' lang='lat' dir='ltr'>mollis.</span> 
     </span>
    </p>

    <p class='ocr_par' dir='ltr' id='par_1_10' title="bbox 109 1211 905 1478">
     <span class='ocr_line' id='line_1_30' title="bbox 109 1211 903 1245; baseline 0.001 -8"><span class='ocrx_word' id='word_1_217' title='bbox 109 1211 284 1244; x_wconf 86' lang='lat' dir='ltr'>aeternus]</span> <span class='ocrx_word' id='word_1_218' title='bbox 305 1211 373 1237; x_wconf 85' lang='lat' dir='ltr'>Mer.</span> <span class='ocrx_word' id='word_1_219' title='bbox 387 1219 408 1237; x_wconf 84' lang='lat' dir='ltr'>c.</span> <span class='ocrx_word' id='word_1_220' title='bbox 422 1215 443 1243; x_wconf 83' lang='lat'>1,</span> <span class='ocrx_word' id='word_1_221' title='bbox 459 1214 475 1237; x_wconf 95' lang='lat'>3</span> <span class='ocrx_word' id='word_1_222' title='bbox 487 1213 613 1237; x_wconf 83' lang='lat' dir='ltr'>aeternas</span> <span class='ocrx_word' id='word_1_223' title='bbox 627 1231 632 1238; x_wconf 94' lang='lat'>.</span> <span class='ocrx_word' id='word_1_224' title='bbox 647 1232 652 1238; x_wconf 97' lang='lat'>.</span> <span class='ocrx_word' id='word_1_225' title='bbox 667 1231 673 1238; x_wconf 92' lang='lat'>.</span> <span class='ocrx_word' id='word_1_226' title='bbox 692 1211 777 1245; x_wconf 88' lang='lat' dir='ltr'>dapes</span> <span class='ocrx_word' id='word_1_227' title='bbox 789 1212 903 1245; x_wconf 80' lang='lat' dir='ltr'>impera-</span> 
     </span>
     <span class='ocr_line' id='line_1_31' title="bbox 143 1245 903 1280; baseline 0.003 -9"><span class='ocrx_word' id='word_1_228' title='bbox 143 1245 233 1271; x_wconf 68' lang='lat' dir='ltr'>torias.</span> <span class='ocrx_word' id='word_1_229' title='bbox 270 1245 353 1272; x_wconf 84' lang='lat' dir='ltr'>Drac.</span> <span class='ocrx_word' id='word_1_230' title='bbox 372 1249 395 1276; x_wconf 86' lang='lat'>2,</span> <span class='ocrx_word' id='word_1_231' title='bbox 408 1249 456 1272; x_wconf 92' lang='lat'>525</span> <span class='ocrx_word' id='word_1_232' title='bbox 474 1248 586 1272; x_wconf 86' lang='lat' dir='ltr'>aeterno</span> <span class='ocrx_word' id='word_1_233' title='bbox 611 1246 641 1271; x_wconf 89' lang='lat' dir='ltr'>in</span> <span class='ocrx_word' id='word_1_234' title='bbox 666 1245 769 1272; x_wconf 74' lang='lat' dir='ltr'>Christo</span> <span class='ocrx_word' id='word_1_235' title='bbox 788 1247 824 1279; x_wconf 88' lang='grc'>(3,</span> <span class='ocrx_word' id='word_1_236' title='bbox 837 1248 903 1280; x_wconf 86' lang='grc'><em>538).</em></span> 
     </span>
     <span class='ocr_line' id='line_1_32' title="bbox 144 1279 902 1311; baseline 0.003 -6"><span class='ocrx_word' id='word_1_237' title='bbox 144 1283 194 1306; x_wconf 91' lang='grc'>545</span> <span class='ocrx_word' id='word_1_238' title='bbox 221 1279 335 1306; x_wconf 84' lang='lat' dir='ltr'>carceris</span> <span class='ocrx_word' id='word_1_239' title='bbox 363 1280 478 1306; x_wconf 88' lang='lat' dir='ltr'>aeterni.</span> <span class='ocrx_word' id='word_1_240' title='bbox 524 1284 546 1311; x_wconf 78' lang='lat'>3,</span> <span class='ocrx_word' id='word_1_241' title='bbox 569 1283 617 1307; x_wconf 85' lang='lat'>137</span> <span class='ocrx_word' id='word_1_242' title='bbox 642 1282 754 1307; x_wconf 84' lang='lat' dir='ltr'>aeterno</span> <span class='ocrx_word' id='word_1_243' title='bbox 783 1281 902 1308; x_wconf 89' lang='lat' dir='ltr'>domino.</span> 
     </span>
     <span class='ocr_line' id='line_1_33' title="bbox 145 1314 903 1349; baseline 0.001 -9"><span class='ocrx_word' id='word_1_244' title='bbox 145 1317 192 1340; x_wconf 91' lang='grc'>142</span> <span class='ocrx_word' id='word_1_245' title='bbox 218 1315 346 1340; x_wconf 84' lang='lat' dir='ltr'>aeternae</span> <span class='ocrx_word' id='word_1_246' title='bbox 370 1314 446 1340; x_wconf 76' lang='lat' dir='ltr'>vitae.</span> <span class='ocrx_word' id='word_1_247' title='bbox 491 1317 544 1341; x_wconf 82' lang='grc'>254</span> <span class='ocrx_word' id='word_1_248' title='bbox 566 1316 709 1341; x_wconf 81' lang='lat' dir='ltr'>aeternum</span> <span class='ocrx_word' id='word_1_249' title='bbox 727 1316 839 1349; x_wconf 79' lang='lat' dir='ltr'>(neutr.)</span> <span class='ocrx_word' id='word_1_250' title='bbox 858 1336 864 1342; x_wconf 84' lang='lat'>.</span> <span class='ocrx_word' id='word_1_251' title='bbox 878 1336 883 1341; x_wconf 97' lang='lat'>.</span> <span class='ocrx_word' id='word_1_252' title='bbox 897 1337 903 1342; x_wconf 94' lang='lat'>.</span> 
     </span>
     <span class='ocr_line' id='line_1_34' title="bbox 145 1349 904 1383; baseline 0.003 -9"><span class='ocrx_word' id='word_1_253' title='bbox 145 1349 268 1381; x_wconf 86' lang='lat' dir='ltr'>quaerat.</span> <span class='ocrx_word' id='word_1_254' title='bbox 320 1351 369 1374; x_wconf 87' lang='lat'>317</span> <span class='ocrx_word' id='word_1_255' title='bbox 396 1350 508 1375; x_wconf 88' lang='lat' dir='ltr'>aeterno</span> <span class='ocrx_word' id='word_1_256' title='bbox 538 1349 648 1383; x_wconf 79' lang='lat' dir='ltr'>frigore.</span> <span class='ocrx_word' id='word_1_257' title='bbox 695 1353 747 1375; x_wconf 84' lang='lat'>467</span> <span class='ocrx_word' id='word_1_258' title='bbox 775 1351 904 1376; x_wconf 81' lang='lat' dir='ltr'>aeternae</span> 
     </span>
     <span class='ocr_line' id='line_1_35' title="bbox 144 1383 905 1410; baseline 0.003 -2"><span class='ocrx_word' id='word_1_259' title='bbox 144 1390 257 1409; x_wconf 86' lang='lat' dir='ltr'>munera</span> <span class='ocrx_word' id='word_1_260' title='bbox 275 1383 358 1409; x_wconf 84' lang='lat' dir='ltr'>vitae.</span> <span class='ocrx_word' id='word_1_261' title='bbox 399 1387 445 1409; x_wconf 87' lang='grc'>471</span> <span class='ocrx_word' id='word_1_262' title='bbox 468 1385 581 1410; x_wconf 87' lang='lat' dir='ltr'>aeterna</span> <span class='ocrx_word' id='word_1_263' title='bbox 600 1404 606 1410; x_wconf 86' lang='lat'>.</span> <span class='ocrx_word' id='word_1_264' title='bbox 620 1403 625 1408; x_wconf 94' lang='lat'>.</span> <span class='ocrx_word' id='word_1_265' title='bbox 640 1403 646 1410; x_wconf 88' lang='lat'>.</span> <span class='ocrx_word' id='word_1_266' title='bbox 670 1383 742 1409; x_wconf 87' lang='lat' dir='ltr'>dona</span> <span class='ocrx_word' id='word_1_267' title='bbox 766 1384 817 1410; x_wconf 86' lang='lat' dir='ltr'>dei.</span> <span class='ocrx_word' id='word_1_268' title='bbox 861 1388 905 1410; x_wconf 79' lang='lat'>753</span> 
     </span>
     <span class='ocr_line' id='line_1_36' title="bbox 143 1417 903 1477; baseline 0.003 -35"><span class='ocrx_word' id='word_1_269' title='bbox 143 1417 173 1477; x_wconf 61' lang='lat' dir='ltr'>{ln</span> <span class='ocrx_word' id='word_1_270' title='bbox 196 1425 291 1443; x_wconf 88' lang='lat' dir='ltr'>nemus</span> <span class='ocrx_word' id='word_1_271' title='bbox 310 1418 461 1444; x_wconf 82' lang='lat' dir='ltr'>aeternum.</span> <span class='ocrx_word' id='word_1_272' title='bbox 514 1422 536 1451; x_wconf 88' lang='lat'>1,</span> <span class='ocrx_word' id='word_1_273' title='bbox 550 1422 599 1445; x_wconf 89' lang='lat'>562</span> <span class='ocrx_word' id='word_1_274' title='bbox 622 1418 695 1444; x_wconf 86' lang='lat' dir='ltr'>solus</span> <span class='ocrx_word' id='word_1_275' title='bbox 713 1418 743 1444; x_wconf 90' lang='lat' dir='ltr'>in</span> <span class='ocrx_word' id='word_1_276' title='bbox 762 1420 903 1445; x_wconf 85' lang='lat' dir='ltr'>aeternum</span> 
     </span>
     <span class='ocr_line' id='line_1_37' title="bbox 162 1460 217 1478; baseline 0 0"><span class='ocrx_word' id='word_1_277' title='bbox 162 1460 217 1478; x_wconf 82' lang='lat' dir='ltr'>eus.</span> 
     </span>
    </p>

    <p class='ocr_par' dir='ltr' id='par_1_11' title="bbox 111 1485 905 1657">
     <span class='ocr_line' id='line_1_38' title="bbox 111 1485 904 1518; baseline 0.001 -6"><span class='ocrx_word' id='word_1_278' title='bbox 111 1486 237 1518; x_wconf 81' lang='lat' dir='ltr'>aether]</span> <span class='ocrx_word' id='word_1_279' title='bbox 266 1486 333 1512; x_wconf 85' lang='lat' dir='ltr'>Mer.</span> <span class='ocrx_word' id='word_1_280' title='bbox 351 1493 372 1512; x_wconf 82' lang='lat' dir='ltr'>c.</span> <span class='ocrx_word' id='word_1_281' title='bbox 390 1489 413 1518; x_wconf 89' lang='lat'>2,</span> <span class='ocrx_word' id='word_1_282' title='bbox 425 1490 442 1512; x_wconf 99' lang='lat'><strong><em>4</em></strong></span> <span class='ocrx_word' id='word_1_283' title='bbox 469 1485 588 1512; x_wconf 88' lang='lat' dir='ltr'>aetheris</span> <span class='ocrx_word' id='word_1_284' title='bbox 608 1494 640 1512; x_wconf 85' lang='lat' dir='ltr'>ac</span> <span class='ocrx_word' id='word_1_285' title='bbox 657 1487 754 1513; x_wconf 86' lang='lat' dir='ltr'>terrae.</span> <span class='ocrx_word' id='word_1_286' title='bbox 791 1491 815 1518; x_wconf 87' lang='lat'>4,</span> <span class='ocrx_word' id='word_1_287' title='bbox 829 1492 844 1513; x_wconf 85' lang='grc'>4</span> <span class='ocrx_word' id='word_1_288' title='bbox 862 1488 904 1513; x_wconf 88' lang='lat' dir='ltr'>in-</span> 
     </span>
     <span class='ocr_line' id='line_1_39' title="bbox 143 1520 904 1555; baseline 0.001 -9"><span class='ocrx_word' id='word_1_289' title='bbox 143 1520 196 1546; x_wconf 86' lang='lat' dir='ltr'>fusi</span> <span class='ocrx_word' id='word_1_290' title='bbox 219 1520 292 1546; x_wconf 88' lang='lat' dir='ltr'>bibit</span> <span class='ocrx_word' id='word_1_291' title='bbox 314 1520 433 1546; x_wconf 86' lang='lat' dir='ltr'>aetheris</span> <span class='ocrx_word' id='word_1_292' title='bbox 453 1520 584 1554; x_wconf 88' lang='lat' dir='ltr'>vigorem.</span> <span class='ocrx_word' id='word_1_293' title='bbox 616 1523 683 1553; x_wconf 74' lang='lat' dir='ltr'>poet.</span> <span class='ocrx_word' id='word_1_294' title='bbox 702 1524 718 1547; x_wconf 88' lang='grc'><em>2</em></span> <span class='ocrx_word' id='word_1_295' title='bbox 742 1521 822 1555; x_wconf 86' lang='lat' dir='ltr'>nigro</span> <span class='ocrx_word' id='word_1_296' title='bbox 841 1530 904 1547; x_wconf 87' lang='lat' dir='ltr'>ean-</span> 
     </span>
     <span class='ocr_line' id='line_1_40' title="bbox 144 1554 905 1590; baseline 0.003 -10"><span class='ocrx_word' id='word_1_297' title='bbox 144 1554 239 1581; x_wconf 87' lang='lat' dir='ltr'>dentes</span> <span class='ocrx_word' id='word_1_298' title='bbox 261 1555 372 1581; x_wconf 84' lang='lat' dir='ltr'>aethere</span> <span class='ocrx_word' id='word_1_299' title='bbox 397 1556 490 1581; x_wconf 86' lang='lat' dir='ltr'>terras.</span> <span class='ocrx_word' id='word_1_300' title='bbox 530 1555 613 1581; x_wconf 80' lang='lat' dir='ltr'>Drac.</span> <span class='ocrx_word' id='word_1_301' title='bbox 627 1559 647 1587; x_wconf 92' lang='lat'>1,</span> <span class='ocrx_word' id='word_1_302' title='bbox 658 1558 705 1582; x_wconf 86' lang='grc'>568</span> <span class='ocrx_word' id='word_1_303' title='bbox 730 1558 810 1582; x_wconf 86' lang='lat' dir='ltr'>sonat</span> <span class='ocrx_word' id='word_1_304' title='bbox 823 1565 905 1590; x_wconf 89' lang='lat' dir='ltr'>super</span> 
     </span>
     <span class='ocr_line' id='line_1_41' title="bbox 145 1588 902 1624; baseline 0.003 -9"><span class='ocrx_word' id='word_1_305' title='bbox 145 1588 159 1604; x_wconf 72' lang='lat'>&#39;¹‘</span> <span class='ocrx_word' id='word_1_306' title='bbox 172 1589 284 1615; x_wconf 85' lang='lat' dir='ltr'>aethera</span> <span class='ocrx_word' id='word_1_307' title='bbox 296 1597 392 1615; x_wconf 85' lang='lat' dir='ltr'>sermo.</span> <span class='ocrx_word' id='word_1_308' title='bbox 419 1592 442 1622; x_wconf 84' lang='lat'>3,</span> <span class='ocrx_word' id='word_1_309' title='bbox 456 1592 472 1615; x_wconf 89' lang='grc'><em>2</em></span> <span class='ocrx_word' id='word_1_310' title='bbox 484 1589 564 1615; x_wconf 82' lang='lat' dir='ltr'>iubar</span> <span class='ocrx_word' id='word_1_311' title='bbox 576 1589 694 1615; x_wconf 85' lang='lat' dir='ltr'>aetheris</span> <span class='ocrx_word' id='word_1_312' title='bbox 708 1589 782 1617; x_wconf 81' lang='lat' dir='ltr'>deas.</span> <span class='ocrx_word' id='word_1_313' title='bbox 829 1591 902 1624; x_wconf 66' lang='lat' dir='ltr'>Eue.</span> 
     </span>
     <span class='ocr_line' id='line_1_42' title="bbox 144 1624 680 1657; baseline -0.002 -7"><span class='ocrx_word' id='word_1_314' title='bbox 144 1631 165 1650; x_wconf 76' lang='grc' dir='ltr'>ο.</span> <span class='ocrx_word' id='word_1_315' title='bbox 186 1627 248 1655; x_wconf 83' lang='grc'><em>72,1</em></span> <span class='ocrx_word' id='word_1_316' title='bbox 266 1624 406 1657; x_wconf 85' lang='lat' dir='ltr'>refulgent</span> <span class='ocrx_word' id='word_1_317' title='bbox 424 1624 538 1650; x_wconf 86' lang='lat' dir='ltr'>aethera</span> <span class='ocrx_word' id='word_1_318' title='bbox 556 1624 680 1649; x_wconf 81' lang='lat' dir='ltr'>flammis.</span> 
     </span>
    </p>

    <p class='ocr_par' dir='ltr' id='par_1_12' title="bbox 111 1658 906 1965">
     <span class='ocr_line' id='line_1_43' title="bbox 111 1658 905 1692; baseline 0.001 -8"><span class='ocrx_word' id='word_1_319' title='bbox 111 1658 298 1692; x_wconf 86' lang='lat' dir='ltr'>aetherius]</span> <span class='ocrx_word' id='word_1_320' title='bbox 317 1662 338 1688; x_wconf 80' lang='lat'><strong><em>1,</em></strong></span> <span class='ocrx_word' id='word_1_321' title='bbox 352 1661 397 1683; x_wconf 84' lang='lat'>141</span> <span class='ocrx_word' id='word_1_322' title='bbox 410 1658 522 1691; x_wconf 82' lang='lat' dir='ltr'>ignibus</span> <span class='ocrx_word' id='word_1_323' title='bbox 535 1658 670 1684; x_wconf 83' lang='lat' dir='ltr'>aethereis</span> <span class='ocrx_word' id='word_1_324' title='bbox 684 1658 719 1691; x_wconf 88' lang='lat'>(2,</span> <span class='ocrx_word' id='word_1_325' title='bbox 734 1662 790 1685; x_wconf 90' lang='grc'><em>228.</em></span> <span class='ocrx_word' id='word_1_326' title='bbox 809 1661 832 1691; x_wconf 83' lang='grc'>3,</span> <span class='ocrx_word' id='word_1_327' title='bbox 843 1660 905 1691; x_wconf 78' lang='grc'><em>304)</em></span> 
     </span>
     <span class='ocr_line' id='line_1_44' title="bbox 143 1692 904 1725; baseline 0.001 -7"><span class='ocrx_word' id='word_1_328' title='bbox 143 1696 166 1725; x_wconf 89' lang='grc'>2,</span> <span class='ocrx_word' id='word_1_329' title='bbox 180 1696 230 1719; x_wconf 88' lang='grc'>150</span> <span class='ocrx_word' id='word_1_330' title='bbox 247 1692 283 1718; x_wconf 86' lang='lat' dir='ltr'>ad.</span> <span class='ocrx_word' id='word_1_331' title='bbox 301 1692 443 1719; x_wconf 86' lang='lat' dir='ltr'>aethereos</span> <span class='ocrx_word' id='word_1_332' title='bbox 461 1693 566 1718; x_wconf 85' lang='lat' dir='ltr'>tractus</span> <span class='ocrx_word' id='word_1_333' title='bbox 584 1692 602 1718; x_wconf 80' lang='lat' dir='ltr'>i.</span> <span class='ocrx_word' id='word_1_334' title='bbox 620 1693 727 1718; x_wconf 77' lang='lat' dir='ltr'>caelum.</span> <span class='ocrx_word' id='word_1_335' title='bbox 764 1696 788 1724; x_wconf 83' lang='lat'>2,</span> <span class='ocrx_word' id='word_1_336' title='bbox 800 1696 851 1719; x_wconf 84' lang='grc'>548</span> <span class='ocrx_word' id='word_1_337' title='bbox 869 1694 904 1719; x_wconf 83' lang='lat' dir='ltr'>ad</span> 
     </span>
     <span class='ocr_line' id='line_1_45' title="bbox 144 1727 904 1759; baseline 0 -6"><span class='ocrx_word' id='word_1_338' title='bbox 144 1735 224 1753; x_wconf 86' lang='lat' dir='ltr'>auras</span> <span class='ocrx_word' id='word_1_339' title='bbox 242 1727 392 1753; x_wconf 87' lang='lat' dir='ltr'>aethereas.</span> <span class='ocrx_word' id='word_1_340' title='bbox 422 1730 445 1759; x_wconf 85' lang='lat'>3,</span> <span class='ocrx_word' id='word_1_341' title='bbox 461 1730 510 1753; x_wconf 91' lang='grc'>227</span> <span class='ocrx_word' id='word_1_342' title='bbox 526 1727 629 1753; x_wconf 89' lang='lat' dir='ltr'>ianitor</span> <span class='ocrx_word' id='word_1_343' title='bbox 642 1727 786 1753; x_wconf 87' lang='lat' dir='ltr'>aethereus</span> <span class='ocrx_word' id='word_1_344' title='bbox 799 1727 904 1754; x_wconf 79' lang='lat' dir='ltr'>Petras.</span> 
     </span>
     <span class='ocr_line' id='line_1_46' title="bbox 144 1761 906 1794; baseline 0.001 -7"><span class='ocrx_word' id='word_1_345' title='bbox 144 1763 192 1787; x_wconf 80' lang='lat' dir='ltr'>sat.</span> <span class='ocrx_word' id='word_1_346' title='bbox 208 1765 254 1787; x_wconf 90' lang='lat'>116</span> <span class='ocrx_word' id='word_1_347' title='bbox 272 1761 396 1787; x_wconf 87' lang='lat' dir='ltr'>sensibus</span> <span class='ocrx_word' id='word_1_348' title='bbox 415 1761 550 1787; x_wconf 83' lang='lat' dir='ltr'>aethereis</span> <span class='ocrx_word' id='word_1_349' title='bbox 570 1761 610 1786; x_wconf 82' lang='lat' dir='ltr'>dei</span> <span class='ocrx_word' id='word_1_350' title='bbox 629 1769 702 1794; x_wconf 75' lang='lat' dir='ltr'>quem</span> <span class='ocrx_word' id='word_1_351' title='bbox 720 1761 787 1787; x_wconf 77' lang='lat' dir='ltr'>nihil</span> <span class='ocrx_word' id='word_1_352' title='bbox 805 1762 906 1788; x_wconf 77' lang='lat' dir='ltr'>celatur</span> 
     </span>
     <span class='ocr_line' id='line_1_47' title="bbox 146 1795 902 1829; baseline 0.001 -8"><span class='ocrx_word' id='word_1_353' title='bbox 146 1795 414 1829; x_wconf 76' lang='lat' dir='ltr'>(Paul.Petr.3,146</span> <span class='ocrx_word' id='word_1_354' title='bbox 434 1804 514 1822; x_wconf 88' lang='lat' dir='ltr'>sensu</span> <span class='ocrx_word' id='word_1_355' title='bbox 527 1796 670 1828; x_wconf 86' lang='lat' dir='ltr'>aetherio).</span> <span class='ocrx_word' id='word_1_356' title='bbox 699 1799 747 1822; x_wconf 89' lang='grc'>267</span> <span class='ocrx_word' id='word_1_357' title='bbox 765 1797 902 1822; x_wconf 86' lang='lat' dir='ltr'>aetherias</span> 
     </span>
     <span class='ocr_line' id='line_1_48' title="bbox 145 1830 905 1864; baseline 0.001 -8"><span class='ocrx_word' id='word_1_358' title='bbox 145 1849 170 1857; x_wconf 91' lang='grc'>..</span> <span class='ocrx_word' id='word_1_359' title='bbox 184 1850 190 1856; x_wconf 90' lang='grc'><em>.</em></span> <span class='ocrx_word' id='word_1_360' title='bbox 209 1830 321 1864; x_wconf 82' lang='lat' dir='ltr'>rapinas</span> <span class='ocrx_word' id='word_1_361' title='bbox 339 1830 454 1863; x_wconf 78' lang='lat' dir='ltr'>aquilae.</span> <span class='ocrx_word' id='word_1_362' title='bbox 488 1830 512 1857; x_wconf 90' lang='lat' dir='ltr'><strong><em>V</em></strong></span> <span class='ocrx_word' id='word_1_363' title='bbox 529 1833 576 1856; x_wconf 87' lang='grc'>326</span> <span class='ocrx_word' id='word_1_364' title='bbox 593 1830 710 1856; x_wconf 89' lang='lat' dir='ltr'>aetherii</span> <span class='ocrx_word' id='word_1_365' title='bbox 789 1831 905 1857; x_wconf 84' lang='lat' dir='ltr'>circulus</span> 
     </span>
     <span class='ocr_line' id='line_1_49' title="bbox 144 1863 905 1891; baseline 0.001 -1"><span class='ocrx_word' id='word_1_366' title='bbox 144 1863 225 1890; x_wconf 90' lang='lat' dir='ltr'>orbis.</span> <span class='ocrx_word' id='word_1_367' title='bbox 264 1865 345 1891; x_wconf 87' lang='lat' dir='ltr'><em>VIII</em></span> <span class='ocrx_word' id='word_1_368' title='bbox 358 1868 389 1890; x_wconf 85' lang='lat'>33</span> <span class='ocrx_word' id='word_1_369' title='bbox 401 1864 554 1890; x_wconf 89' lang='lat' dir='ltr'>aetherium</span> <span class='ocrx_word' id='word_1_370' title='bbox 577 1884 581 1889; x_wconf 98' lang='lat'>.</span> <span class='ocrx_word' id='word_1_371' title='bbox 597 1884 602 1890; x_wconf 92' lang='lat'>.</span> <span class='ocrx_word' id='word_1_372' title='bbox 616 1884 622 1890; x_wconf 92' lang='lat'>.</span> <span class='ocrx_word' id='word_1_373' title='bbox 641 1864 764 1891; x_wconf 88' lang='lat' dir='ltr'>tribunal</span> <span class='ocrx_word' id='word_1_374' title='bbox 782 1865 854 1891; x_wconf 77' lang='lat' dir='ltr'>unde</span> <span class='ocrx_word' id='word_1_375' title='bbox 873 1865 905 1891; x_wconf 82' lang='lat' dir='ltr'>cle</span> 
     </span>
     <span class='ocr_line' id='line_1_50' title="bbox 143 1898 905 1926; baseline 0.003 -2"><span class='ocrx_word' id='word_1_376' title='bbox 143 1898 238 1924; x_wconf 81' lang='lat' dir='ltr'>deabus</span> <span class='ocrx_word' id='word_1_377' title='bbox 254 1898 393 1925; x_wconf 72' lang='lat' dir='ltr'>iudicetur.</span> <span class='ocrx_word' id='word_1_378' title='bbox 424 1899 475 1924; x_wconf 92' lang='lat' dir='ltr'>IX</span> <span class='ocrx_word' id='word_1_379' title='bbox 492 1902 526 1925; x_wconf 89' lang='lat'>30</span> <span class='ocrx_word' id='word_1_380' title='bbox 539 1899 691 1924; x_wconf 87' lang='lat' dir='ltr'>aetherium</span> <span class='ocrx_word' id='word_1_381' title='bbox 769 1899 804 1925; x_wconf 83' lang='lat' dir='ltr'>ad</span> <span class='ocrx_word' id='word_1_382' title='bbox 817 1908 905 1926; x_wconf 83' lang='lat' dir='ltr'>axem.</span> 
     </span>
     <span class='ocr_line' id='line_1_51' title="bbox 146 1933 725 1965; baseline 0.002 -6"><span class='ocrx_word' id='word_1_383' title='bbox 146 1933 176 1958; x_wconf 87' lang='grc' dir='ltr'>Χ</span> <span class='ocrx_word' id='word_1_384' title='bbox 195 1937 210 1959; x_wconf 95' lang='grc'><em>7</em></span> <span class='ocrx_word' id='word_1_385' title='bbox 225 1933 348 1959; x_wconf 88' lang='lat' dir='ltr'>flammas</span> <span class='ocrx_word' id='word_1_386' title='bbox 367 1953 373 1960; x_wconf 89' lang='lat'>.</span> <span class='ocrx_word' id='word_1_387' title='bbox 387 1953 393 1960; x_wconf 93' lang='lat'>.</span> <span class='ocrx_word' id='word_1_388' title='bbox 407 1953 413 1959; x_wconf 89' lang='lat'>.</span> <span class='ocrx_word' id='word_1_389' title='bbox 432 1933 575 1959; x_wconf 83' lang='lat' dir='ltr'>aethereas</span> <span class='ocrx_word' id='word_1_390' title='bbox 594 1933 725 1965; x_wconf 77' lang='lat' dir='ltr'>fulminis.</span> 
     </span>
    </p>

    <p class='ocr_par' dir='ltr' id='par_1_13' title="bbox 110 1967 902 2036">
     <span class='ocr_line' id='line_1_52' title="bbox 110 1967 902 2001; baseline 0.001 -8"><span class='ocrx_word' id='word_1_391' title='bbox 110 1967 245 2000; x_wconf 87' lang='lat' dir='ltr'>aethra]</span> <span class='ocrx_word' id='word_1_392' title='bbox 266 1968 297 1993; x_wconf 90' lang='lat' dir='ltr'><em>X</em></span> <span class='ocrx_word' id='word_1_393' title='bbox 314 1971 364 1994; x_wconf 89' lang='lat'>501</span> <span class='ocrx_word' id='word_1_394' title='bbox 376 1968 490 1993; x_wconf 87' lang='lat' dir='ltr'>rutilam</span> <span class='ocrx_word' id='word_1_395' title='bbox 509 1988 515 1993; x_wconf 95' lang='lat'>.</span> <span class='ocrx_word' id='word_1_396' title='bbox 527 1988 549 1994; x_wconf 94' lang='lat'>..</span> <span class='ocrx_word' id='word_1_397' title='bbox 568 1968 608 1993; x_wconf 90' lang='lat' dir='ltr'>ire</span> <span class='ocrx_word' id='word_1_398' title='bbox 620 1976 669 2001; x_wconf 88' lang='lat' dir='ltr'>per</span> <span class='ocrx_word' id='word_1_399' title='bbox 681 1968 805 1994; x_wconf 78' lang='lat' dir='ltr'>aethram</span> <span class='ocrx_word' id='word_1_400' title='bbox 818 1968 902 1994; x_wconf 86' lang='lat' dir='ltr'>solem.</span> 
     </span>
     <span class='ocr_line' id='line_1_53' title="bbox 144 2001 814 2036; baseline 0 -8"><span class='ocrx_word' id='word_1_401' title='bbox 144 2001 213 2036; x_wconf 72' lang='lat' dir='ltr'>Euy.</span> <span class='ocrx_word' id='word_1_402' title='bbox 233 2004 281 2028; x_wconf 85' lang='lat' dir='ltr'>sal.</span> <span class='ocrx_word' id='word_1_403' title='bbox 295 2005 325 2028; x_wconf 89' lang='grc'>25</span> <span class='ocrx_word' id='word_1_404' title='bbox 343 2004 492 2036; x_wconf 89' lang='lat' dir='ltr'>conceptus</span> <span class='ocrx_word' id='word_1_405' title='bbox 511 2001 545 2028; x_wconf 89' lang='lat' dir='ltr'>ab</span> <span class='ocrx_word' id='word_1_406' title='bbox 565 2002 662 2028; x_wconf 86' lang='lat' dir='ltr'>aethra</span> <span class='ocrx_word' id='word_1_407' title='bbox 683 2002 814 2028; x_wconf 74' lang='lat' dir='ltr'>Christus.</span> 
     </span>
    </p>

    <p class='ocr_par' dir='ltr' id='par_1_14' title="bbox 112 2036 906 2276">
     <span class='ocr_line' id='line_1_54' title="bbox 112 2036 905 2069; baseline 0 -7"><span class='ocrx_word' id='word_1_408' title='bbox 112 2036 242 2069; x_wconf 87' lang='lat' dir='ltr'>aevum]</span> <span class='ocrx_word' id='word_1_409' title='bbox 273 2039 295 2067; x_wconf 88' lang='grc'>2,</span> <span class='ocrx_word' id='word_1_410' title='bbox 311 2039 362 2063; x_wconf 87' lang='grc'>362</span> <span class='ocrx_word' id='word_1_411' title='bbox 384 2037 518 2062; x_wconf 87' lang='lat' dir='ltr'>terminus</span> <span class='ocrx_word' id='word_1_412' title='bbox 542 2037 604 2062; x_wconf 86' lang='lat' dir='ltr'>aevi</span> <span class='ocrx_word' id='word_1_413' title='bbox 627 2036 712 2069; x_wconf 78' lang='lat' dir='ltr'>ipsius</span> <span class='ocrx_word' id='word_1_414' title='bbox 735 2037 817 2063; x_wconf 78' lang='lat' dir='ltr'>homo.</span> <span class='ocrx_word' id='word_1_415' title='bbox 855 2040 905 2063; x_wconf 83' lang='lat'><strong><em>626</em></strong></span> 
     </span>
     <span class='ocr_line' id='line_1_55' title="bbox 145 2070 904 2104; baseline 0 -8"><span class='ocrx_word' id='word_1_416' title='bbox 145 2070 327 2104; x_wconf 84' lang='lat' dir='ltr'>membrisque</span> <span class='ocrx_word' id='word_1_417' title='bbox 340 2071 524 2097; x_wconf 87' lang='lat' dir='ltr'>trementibus</span> <span class='ocrx_word' id='word_1_418' title='bbox 537 2079 613 2097; x_wconf 87' lang='lat' dir='ltr'>aevo.</span> <span class='ocrx_word' id='word_1_419' title='bbox 635 2074 679 2097; x_wconf 87' lang='grc'>769</span> <span class='ocrx_word' id='word_1_420' title='bbox 691 2071 777 2097; x_wconf 87' lang='lat' dir='ltr'>vitam</span> <span class='ocrx_word' id='word_1_421' title='bbox 791 2071 904 2104; x_wconf 89' lang='lat' dir='ltr'>longum</span> 
     </span>
     <span class='ocr_line' id='line_1_56' title="bbox 144 2105 905 2139; baseline 0.001 -9"><span class='ocrx_word' id='word_1_422' title='bbox 144 2105 276 2138; x_wconf 84' lang='lat' dir='ltr'>produxit</span> <span class='ocrx_word' id='word_1_423' title='bbox 300 2105 329 2130; x_wconf 91' lang='lat' dir='ltr'>in</span> <span class='ocrx_word' id='word_1_424' title='bbox 357 2114 464 2131; x_wconf 89' lang='lat' dir='ltr'>aevum.</span> <span class='ocrx_word' id='word_1_425' title='bbox 508 2108 532 2133; x_wconf 81' lang='lat'>3.</span> <span class='ocrx_word' id='word_1_426' title='bbox 545 2108 591 2131; x_wconf 84' lang='lat'><strong><em>291</em></strong></span> <span class='ocrx_word' id='word_1_427' title='bbox 617 2105 704 2131; x_wconf 87' lang='lat' dir='ltr'>vitam</span> <span class='ocrx_word' id='word_1_428' title='bbox 733 2106 815 2139; x_wconf 86' lang='lat' dir='ltr'>longo</span> <span class='ocrx_word' id='word_1_429' title='bbox 844 2114 905 2139; x_wconf 88' lang='lat' dir='ltr'>pro-</span> 
     </span>
     <span class='ocr_line' id='line_1_57' title="bbox 144 2139 906 2173; baseline 0 -8"><span class='ocrx_word' id='word_1_430' title='bbox 144 2139 255 2165; x_wconf 88' lang='lat' dir='ltr'>duceret</span> <span class='ocrx_word' id='word_1_431' title='bbox 273 2147 348 2165; x_wconf 90' lang='lat' dir='ltr'>aevo.</span> <span class='ocrx_word' id='word_1_432' title='bbox 383 2142 431 2166; x_wconf 83' lang='lat'>532</span> <span class='ocrx_word' id='word_1_433' title='bbox 455 2148 504 2173; x_wconf 88' lang='lat' dir='ltr'>per</span> <span class='ocrx_word' id='word_1_434' title='bbox 528 2148 610 2173; x_wconf 89' lang='lat' dir='ltr'>quem</span> <span class='ocrx_word' id='word_1_435' title='bbox 634 2141 710 2165; x_wconf 85' lang='lat' dir='ltr'>stant</span> <span class='ocrx_word' id='word_1_436' title='bbox 734 2141 833 2166; x_wconf 86' lang='lat' dir='ltr'>cuneta</span> <span class='ocrx_word' id='word_1_437' title='bbox 857 2148 906 2173; x_wconf 88' lang='lat' dir='ltr'>per</span> 
     </span>
     <span class='ocr_line' id='line_1_58' title="bbox 145 2174 906 2200; baseline 0 -1"><span class='ocrx_word' id='word_1_438' title='bbox 145 2181 251 2200; x_wconf 87' lang='lat' dir='ltr'>aevum.</span> <span class='ocrx_word' id='word_1_439' title='bbox 294 2176 343 2200; x_wconf 82' lang='lat' dir='ltr'>sat.</span> <span class='ocrx_word' id='word_1_440' title='bbox 364 2178 378 2200; x_wconf 92' lang='lat'><strong><em>7</em></strong></span> <span class='ocrx_word' id='word_1_441' title='bbox 402 2174 480 2200; x_wconf 92' lang='lat' dir='ltr'>nullo</span> <span class='ocrx_word' id='word_1_442' title='bbox 507 2174 649 2200; x_wconf 85' lang='lat' dir='ltr'>mutabilis</span> <span class='ocrx_word' id='word_1_443' title='bbox 676 2182 752 2200; x_wconf 86' lang='lat' dir='ltr'>aevo.</span> <span class='ocrx_word' id='word_1_444' title='bbox 799 2175 830 2200; x_wconf 90' lang='lat' dir='ltr'><em>X</em></span> <span class='ocrx_word' id='word_1_445' title='bbox 856 2178 906 2200; x_wconf 88' lang='lat'>503</span> 
     </span>
     <span class='ocr_line' id='line_1_59' title="bbox 145 2207 904 2240; baseline 0.001 -7"><span class='ocrx_word' id='word_1_446' title='bbox 145 2207 308 2234; x_wconf 87' lang='lat' dir='ltr'>animas</span> <span class='ocrx_word' id='word_1_447' title='bbox 335 2208 439 2234; x_wconf 90' lang='lat' dir='ltr'>claudis</span> <span class='ocrx_word' id='word_1_448' title='bbox 466 2208 495 2234; x_wconf 88' lang='lat' dir='ltr'>in</span> <span class='ocrx_word' id='word_1_449' title='bbox 521 2216 620 2234; x_wconf 87' lang='lat' dir='ltr'>aevum</span> <span class='ocrx_word' id='word_1_450' title='bbox 646 2208 710 2234; x_wconf 87' lang='lat' dir='ltr'>orbe</span> <span class='ocrx_word' id='word_1_451' title='bbox 737 2210 795 2240; x_wconf 90' lang='lat' dir='ltr'>tuo,</span> <span class='ocrx_word' id='word_1_452' title='bbox 820 2217 835 2234; x_wconf 90' lang='lat' dir='ltr'>o</span> <span class='ocrx_word' id='word_1_453' title='bbox 860 2209 904 2234; x_wconf 89' lang='lat' dir='ltr'>sol.</span> 
     </span>
     <span class='ocr_line' id='line_1_60' title="bbox 145 2242 854 2276; baseline 0 -8"><span class='ocrx_word' id='word_1_454' title='bbox 145 2242 213 2275; x_wconf 69' lang='lat' dir='ltr'>Euy.</span> <span class='ocrx_word' id='word_1_455' title='bbox 233 2250 254 2268; x_wconf 84' lang='lat' dir='ltr'>c.</span> <span class='ocrx_word' id='word_1_456' title='bbox 273 2246 312 2274; x_wconf 88' lang='lat'>14,</span> <span class='ocrx_word' id='word_1_457' title='bbox 324 2246 355 2269; x_wconf 86' lang='lat'>99</span> <span class='ocrx_word' id='word_1_458' title='bbox 372 2242 485 2269; x_wconf 81' lang='lat' dir='ltr'>labilem</span> <span class='ocrx_word' id='word_1_459' title='bbox 505 2251 612 2268; x_wconf 85' lang='lat' dir='ltr'>cursum</span> <span class='ocrx_word' id='word_1_460' title='bbox 631 2242 765 2276; x_wconf 86' lang='lat' dir='ltr'>fugientis</span> <span class='ocrx_word' id='word_1_461' title='bbox 785 2242 854 2269; x_wconf 88' lang='lat' dir='ltr'>aevi.</span> 
     </span>
    </p>

    <p class='ocr_par' dir='ltr' id='par_1_15' title="bbox 111 2276 904 2310">
     <span class='ocr_line' id='line_1_61' title="bbox 111 2276 904 2310; baseline 0.001 -9"><span class='ocrx_word' id='word_1_462' title='bbox 111 2276 235 2310; x_wconf 86' lang='lat' dir='ltr'>affari]</span> <span class='ocrx_word' id='word_1_463' title='bbox 268 2277 305 2302; x_wconf 93' lang='lat' dir='ltr'>II</span> <span class='ocrx_word' id='word_1_464' title='bbox 319 2280 367 2303; x_wconf 92' lang='lat'>101</span> <span class='ocrx_word' id='word_1_465' title='bbox 398 2278 511 2303; x_wconf 83' lang='lat' dir='ltr'>cunctas</span> <span class='ocrx_word' id='word_1_466' title='bbox 533 2277 628 2303; x_wconf 86' lang='lat' dir='ltr'>adfata</span> <span class='ocrx_word' id='word_1_467' title='bbox 646 2285 749 2303; x_wconf 87' lang='lat' dir='ltr'>sorores</span> <span class='ocrx_word' id='word_1_468' title='bbox 769 2277 838 2303; x_wconf 88' lang='lat' dir='ltr'>haec</span> <span class='ocrx_word' id='word_1_469' title='bbox 856 2277 904 2302; x_wconf 86' lang='lat' dir='ltr'>ait.</span> 
     </span>
    </p>

    <p class='ocr_par' dir='ltr' id='par_1_16' title="bbox 111 2310 909 2826">
     <span class='ocr_line' id='line_1_62' title="bbox 111 2310 909 2345; baseline 0.001 -10"><span class='ocrx_word' id='word_1_470' title='bbox 111 2310 267 2344; x_wconf 85' lang='lat' dir='ltr'>affectus]</span> <span class='ocrx_word' id='word_1_471' title='bbox 289 2314 312 2342; x_wconf 90' lang='lat'>2,</span> <span class='ocrx_word' id='word_1_472' title='bbox 328 2315 377 2337; x_wconf 86' lang='lat'>616</span> <span class='ocrx_word' id='word_1_473' title='bbox 389 2311 506 2345; x_wconf 86' lang='lat' dir='ltr'>pectoris</span> <span class='ocrx_word' id='word_1_474' title='bbox 520 2311 622 2337; x_wconf 85' lang='lat' dir='ltr'>affectu</span> <span class='ocrx_word' id='word_1_475' title='bbox 635 2313 738 2337; x_wconf 85' lang='lat' dir='ltr'>secreto</span> <span class='ocrx_word' id='word_1_476' title='bbox 751 2311 800 2337; x_wconf 70' lang='lat' dir='ltr'>dei.</span> <span class='ocrx_word' id='word_1_477' title='bbox 830 2311 909 2337; x_wconf 88' lang='lat' dir='ltr'><em>VIII</em></span> 
     </span>
     <span class='ocr_line' id='line_1_63' title="bbox 145 2345 906 2378; baseline 0.001 -8"><span class='ocrx_word' id='word_1_478' title='bbox 145 2348 195 2371; x_wconf 89' lang='grc'>286</span> <span class='ocrx_word' id='word_1_479' title='bbox 214 2345 305 2378; x_wconf 83' lang='lat' dir='ltr'>pietas</span> <span class='ocrx_word' id='word_1_480' title='bbox 324 2345 438 2371; x_wconf 83' lang='lat' dir='ltr'>affectus</span> <span class='ocrx_word' id='word_1_481' title='bbox 457 2354 534 2372; x_wconf 86' lang='lat' dir='ltr'>amor</span> <span class='ocrx_word' id='word_1_482' title='bbox 553 2345 706 2372; x_wconf 88' lang='lat' dir='ltr'>concordia.</span> <span class='ocrx_word' id='word_1_483' title='bbox 742 2349 791 2371; x_wconf 91' lang='grc'>578</span> <span class='ocrx_word' id='word_1_484' title='bbox 817 2346 906 2371; x_wconf 89' lang='lat' dir='ltr'>solent</span> 
     </span>
     <span class='ocr_line' id='line_1_64' title="bbox 145 2379 905 2413; baseline 0.001 -9"><span class='ocrx_word' id='word_1_485' title='bbox 145 2387 193 2412; x_wconf 90' lang='lat' dir='ltr'>per</span> <span class='ocrx_word' id='word_1_486' title='bbox 211 2379 292 2405; x_wconf 86' lang='lat' dir='ltr'>devia</span> <span class='ocrx_word' id='word_1_487' title='bbox 310 2380 395 2413; x_wconf 84' lang='lat' dir='ltr'>tigres</span> <span class='ocrx_word' id='word_1_488' title='bbox 415 2379 514 2406; x_wconf 81' lang='lat' dir='ltr'>affectu</span> <span class='ocrx_word' id='word_1_489' title='bbox 528 2380 691 2406; x_wconf 90' lang='lat' dir='ltr'>stimulante</span> <span class='ocrx_word' id='word_1_490' title='bbox 708 2380 778 2413; x_wconf 89' lang='lat' dir='ltr'>rapi.</span> <span class='ocrx_word' id='word_1_491' title='bbox 811 2380 841 2405; x_wconf 93' lang='lat' dir='ltr'><em>X</em></span> <span class='ocrx_word' id='word_1_492' title='bbox 858 2383 905 2405; x_wconf 86' lang='lat'><strong><em>129</em></strong></span> 
     </span>
     <span class='ocr_line' id='line_1_65' title="bbox 145 2413 905 2447; baseline 0 -8"><span class='ocrx_word' id='word_1_493' title='bbox 145 2413 257 2440; x_wconf 65' lang='lat' dir='ltr'>affectes</span> <span class='ocrx_word' id='word_1_494' title='bbox 283 2415 364 2447; x_wconf 71' lang='lat' dir='ltr'>(qen.)</span> <span class='ocrx_word' id='word_1_495' title='bbox 387 2416 488 2440; x_wconf 83' lang='lat' dir='ltr'>natura</span> <span class='ocrx_word' id='word_1_496' title='bbox 512 2422 599 2447; x_wconf 88' lang='lat' dir='ltr'>genus</span> <span class='ocrx_word' id='word_1_497' title='bbox 626 2414 687 2440; x_wconf 88' lang='lat' dir='ltr'>fons</span> <span class='ocrx_word' id='word_1_498' title='bbox 710 2416 807 2440; x_wconf 84' lang='lat' dir='ltr'>auctor</span> <span class='ocrx_word' id='word_1_499' title='bbox 828 2413 905 2447; x_wconf 85' lang='lat' dir='ltr'>origo</span> 
     </span>
     <span class='ocr_line' id='line_1_66' title="bbox 145 2447 906 2482; baseline 0 -8"><span class='ocrx_word' id='word_1_500' title='bbox 145 2447 235 2474; x_wconf 77' lang='lat' dir='ltr'>Amor.</span> <span class='ocrx_word' id='word_1_501' title='bbox 270 2451 318 2474; x_wconf 85' lang='lat'>534</span> <span class='ocrx_word' id='word_1_502' title='bbox 340 2448 460 2474; x_wconf 82' lang='lat' dir='ltr'>infantia</span> <span class='ocrx_word' id='word_1_503' title='bbox 484 2448 601 2482; x_wconf 81' lang='lat' dir='ltr'>simplex</span> <span class='ocrx_word' id='word_1_504' title='bbox 626 2448 726 2474; x_wconf 85' lang='lat' dir='ltr'>affectu</span> <span class='ocrx_word' id='word_1_505' title='bbox 750 2448 821 2481; x_wconf 86' lang='lat' dir='ltr'>petit</span> <span class='ocrx_word' id='word_1_506' title='bbox 846 2448 906 2481; x_wconf 83' lang='lat' dir='ltr'>ipsa</span> 
     </span>
     <span class='ocr_line' id='line_1_67' title="bbox 145 2481 906 2515; baseline -0.001 -7"><span class='ocrx_word' id='word_1_507' title='bbox 145 2490 247 2508; x_wconf 85' lang='lat' dir='ltr'>necem.</span> <span class='ocrx_word' id='word_1_508' title='bbox 296 2481 341 2508; x_wconf 87' lang='lat' dir='ltr'>Or.</span> <span class='ocrx_word' id='word_1_509' title='bbox 364 2485 379 2508; x_wconf 90' lang='grc'><em>3</em></span> <span class='ocrx_word' id='word_1_510' title='bbox 414 2482 518 2509; x_wconf 84' lang='lat' dir='ltr'>funeris</span> <span class='ocrx_word' id='word_1_511' title='bbox 552 2482 666 2509; x_wconf 82' lang='lat' dir='ltr'>affectus</span> <span class='ocrx_word' id='word_1_512' title='bbox 696 2483 906 2515; x_wconf 73' lang='lat' dir='ltr'>(Ayamemnona</span> 
     </span>
     <span class='ocr_line' id='line_1_68' title="bbox 145 2517 905 2550; baseline 0.001 -9"><span class='ocrx_word' id='word_1_513' title='bbox 145 2518 277 2542; x_wconf 67' lang='lat' dir='ltr'>manuum</span> <span class='ocrx_word' id='word_1_514' title='bbox 291 2517 433 2549; x_wconf 74' lang='lat' dir='ltr'>planctum</span> <span class='ocrx_word' id='word_1_515' title='bbox 452 2525 470 2542; x_wconf 90' lang='lat' dir='ltr'>a</span> <span class='ocrx_word' id='word_1_516' title='bbox 488 2517 544 2542; x_wconf 81' lang='lat' dir='ltr'>sais</span> <span class='ocrx_word' id='word_1_517' title='bbox 562 2521 609 2543; x_wconf 84' lang='lat'>456</span> <span class='ocrx_word' id='word_1_518' title='bbox 620 2525 673 2550; x_wconf 72' lang='lat' dir='ltr'>sqq.</span> <span class='ocrx_word' id='word_1_519' title='bbox 697 2521 741 2543; x_wconf 90' lang='lat'><strong><em>651</em></strong></span> <span class='ocrx_word' id='word_1_520' title='bbox 753 2518 817 2550; x_wconf 82' lang='lat' dir='ltr'>sqq.)</span> <span class='ocrx_word' id='word_1_521' title='bbox 854 2521 905 2542; x_wconf 85' lang='grc'>444</span> 
     </span>
     <span class='ocr_line' id='line_1_69' title="bbox 146 2550 904 2577; baseline 0.001 -1"><span class='ocrx_word' id='word_1_522' title='bbox 146 2550 259 2576; x_wconf 81' lang='lat' dir='ltr'>affectus</span> <span class='ocrx_word' id='word_1_523' title='bbox 295 2551 383 2576; x_wconf 87' lang='lat' dir='ltr'>dulcis</span> <span class='ocrx_word' id='word_1_524' title='bbox 413 2560 535 2577; x_wconf 81' lang='lat' dir='ltr'>amaram</span> <span class='ocrx_word' id='word_1_525' title='bbox 571 2551 652 2577; x_wconf 88' lang='lat' dir='ltr'>iussit</span> <span class='ocrx_word' id='word_1_526' title='bbox 681 2551 782 2577; x_wconf 82' lang='lat' dir='ltr'>habere</span> <span class='ocrx_word' id='word_1_527' title='bbox 812 2559 904 2577; x_wconf 85' lang='lat' dir='ltr'>necem</span> 
     </span>
     <span class='ocr_line' id='line_1_70' title="bbox 146 2584 905 2619; baseline 0 -9"><span class='ocrx_word' id='word_1_528' title='bbox 146 2584 293 2611; x_wconf 59' lang='lat' dir='ltr'>Euadnen.</span> <span class='ocrx_word' id='word_1_529' title='bbox 340 2589 390 2611; x_wconf 88' lang='grc'>560</span> <span class='ocrx_word' id='word_1_530' title='bbox 419 2585 533 2611; x_wconf 80' lang='lat' dir='ltr'>affectus</span> <span class='ocrx_word' id='word_1_531' title='bbox 562 2587 654 2618; x_wconf 83' lang='lat' dir='ltr'>(nom.)</span> <span class='ocrx_word' id='word_1_532' title='bbox 684 2588 785 2612; x_wconf 85' lang='lat' dir='ltr'>natura</span> <span class='ocrx_word' id='word_1_533' title='bbox 809 2585 905 2619; x_wconf 90' lang='lat' dir='ltr'>pudor.</span> 
     </span>
     <span class='ocr_line' id='line_1_71' title="bbox 148 2619 906 2653; baseline 0 -9"><span class='ocrx_word' id='word_1_534' title='bbox 148 2622 197 2646; x_wconf 89' lang='lat'>570</span> <span class='ocrx_word' id='word_1_535' title='bbox 209 2619 320 2645; x_wconf 86' lang='lat' dir='ltr'>exhibet</span> <span class='ocrx_word' id='word_1_536' title='bbox 334 2619 448 2646; x_wconf 87' lang='lat' dir='ltr'>affectus</span> <span class='ocrx_word' id='word_1_537' title='bbox 462 2620 576 2653; x_wconf 86' lang='lat' dir='ltr'>patrios.</span> <span class='ocrx_word' id='word_1_538' title='bbox 605 2624 655 2646; x_wconf 86' lang='lat'>966</span> <span class='ocrx_word' id='word_1_539' title='bbox 668 2621 782 2646; x_wconf 83' lang='lat' dir='ltr'>affectus</span> <span class='ocrx_word' id='word_1_540' title='bbox 795 2619 906 2653; x_wconf 88' lang='lat' dir='ltr'>sangui-</span> 
     </span>
     <span class='ocr_line' id='line_1_72' title="bbox 146 2652 907 2687; baseline 0.001 -9"><span class='ocrx_word' id='word_1_541' title='bbox 146 2652 197 2679; x_wconf 90' lang='lat' dir='ltr'>nis.</span> <span class='ocrx_word' id='word_1_542' title='bbox 233 2653 304 2687; x_wconf 71' lang='lat' dir='ltr'>an.</span> <span class='ocrx_word' id='word_1_543' title='bbox 322 2662 342 2680; x_wconf 90' lang='lat' dir='ltr'>c.</span> <span class='ocrx_word' id='word_1_544' title='bbox 355 2658 379 2684; x_wconf 85' lang='grc'>4,</span> <span class='ocrx_word' id='word_1_545' title='bbox 393 2657 408 2679; x_wconf 89' lang='grc'>2</span> <span class='ocrx_word' id='word_1_546' title='bbox 426 2654 514 2680; x_wconf 87' lang='lat' dir='ltr'>cordis</span> <span class='ocrx_word' id='word_1_547' title='bbox 533 2654 567 2680; x_wconf 85' lang='lat' dir='ltr'>ab</span> <span class='ocrx_word' id='word_1_548' title='bbox 580 2654 689 2681; x_wconf 83' lang='lat' dir='ltr'>affectu.</span> <span class='ocrx_word' id='word_1_549' title='bbox 741 2654 816 2679; x_wconf 80' lang='lat' dir='ltr'>homo</span> <span class='ocrx_word' id='word_1_550' title='bbox 835 2663 907 2679; x_wconf 84' lang='lat' dir='ltr'>ama-</span> 
     </span>
     <span class='ocr_line' id='line_1_73' title="bbox 147 2688 907 2722; baseline 0 -9"><span class='ocrx_word' id='word_1_551' title='bbox 147 2689 204 2713; x_wconf 80' lang='lat' dir='ltr'>tus:</span> <span class='ocrx_word' id='word_1_552' title='bbox 240 2692 262 2720; x_wconf 82' lang='lat'>1,</span> <span class='ocrx_word' id='word_1_553' title='bbox 282 2691 329 2714; x_wconf 88' lang='lat'>392</span> <span class='ocrx_word' id='word_1_554' title='bbox 358 2688 527 2722; x_wconf 84' lang='lat' dir='ltr'>affectusque</span> <span class='ocrx_word' id='word_1_555' title='bbox 557 2697 641 2715; x_wconf 86' lang='lat' dir='ltr'>novos</span> <span class='ocrx_word' id='word_1_556' title='bbox 670 2689 783 2721; x_wconf 72' lang='lat' dir='ltr'>(Evam)</span> <span class='ocrx_word' id='word_1_557' title='bbox 812 2688 907 2714; x_wconf 85' lang='lat' dir='ltr'>blandi</span> 
     </span>
     <span class='ocr_line' id='line_1_74' title="bbox 148 2722 906 2756; baseline 0 -9"><span class='ocrx_word' id='word_1_558' title='bbox 148 2729 267 2754; x_wconf 87' lang='lat' dir='ltr'>genuere</span> <span class='ocrx_word' id='word_1_559' title='bbox 294 2731 412 2756; x_wconf 83' lang='lat' dir='ltr'>sopores.</span> <span class='ocrx_word' id='word_1_560' title='bbox 457 2728 478 2753; x_wconf 85' lang='lat'>1,</span> <span class='ocrx_word' id='word_1_561' title='bbox 499 2727 550 2748; x_wconf 90' lang='grc'>444</span> <span class='ocrx_word' id='word_1_562' title='bbox 580 2723 734 2756; x_wconf 85' lang='lat' dir='ltr'>iungebant</span> <span class='ocrx_word' id='word_1_563' title='bbox 760 2722 906 2748; x_wconf 76' lang='lat' dir='ltr'>affectibus</span> 
     </span>
     <span class='ocr_line' id='line_1_75' title="bbox 148 2756 908 2790; baseline 0.003 -10"><span class='ocrx_word' id='word_1_564' title='bbox 148 2756 272 2788; x_wconf 66' lang='lat' dir='ltr'>(coniugi)</span> <span class='ocrx_word' id='word_1_565' title='bbox 291 2757 392 2783; x_wconf 86' lang='lat' dir='ltr'>oscula.</span> <span class='ocrx_word' id='word_1_566' title='bbox 428 2760 451 2789; x_wconf 91' lang='lat'>3,</span> <span class='ocrx_word' id='word_1_567' title='bbox 464 2760 512 2783; x_wconf 85' lang='grc'>346</span> <span class='ocrx_word' id='word_1_568' title='bbox 529 2757 653 2783; x_wconf 85' lang='lat' dir='ltr'>adfectus</span> <span class='ocrx_word' id='word_1_569' title='bbox 672 2757 776 2789; x_wconf 81' lang='lat' dir='ltr'>(filiam)</span> <span class='ocrx_word' id='word_1_570' title='bbox 795 2756 908 2790; x_wconf 86' lang='lat' dir='ltr'>perimit</span> 
     </span>
     <span class='ocr_line' id='line_1_76' title="bbox 153 2789 907 2826; baseline 0.001 -10"><span class='ocrx_word' id='word_1_571' title='bbox 153 2789 299 2823; x_wconf 62' lang='lat' dir='ltr'>Verginius.</span> <span class='ocrx_word' id='word_1_572' title='bbox 333 2791 408 2817; x_wconf 88' lang='lat' dir='ltr'><em>VIII</em></span> <span class='ocrx_word' id='word_1_573' title='bbox 416 2795 460 2817; x_wconf 88' lang='grc'>114</span> <span class='ocrx_word' id='word_1_574' title='bbox 469 2794 613 2825; x_wconf 76' lang='lat' dir='ltr'>parentum</span> <span class='ocrx_word' id='word_1_575' title='bbox 626 2791 688 2826; x_wconf 90' lang='lat' dir='ltr'>pius</span> <span class='ocrx_word' id='word_1_576' title='bbox 700 2791 781 2817; x_wconf 83' lang='lat' dir='ltr'>ardor</span> <span class='ocrx_word' id='word_1_577' title='bbox 793 2791 907 2817; x_wconf 83' lang='lat' dir='ltr'>aflectus</span> 
     </span>
    </p>
   </div>
   <div class='ocr_carea' id='block_1_3' title="bbox 928 318 935 2175">
    <p class='ocr_par' dir='ltr' id='par_1_17' title="bbox 928 318 935 2175">
     <span class='ocr_line' id='line_1_77' title="bbox 928 318 935 2175; baseline 0 0"><span class='ocrx_word' id='word_1_578' title='bbox 928 318 935 2175; x_wconf 95' lang='lat' dir='ltr'> </span> 
     </span>
    </p>
   </div>
   <div class='ocr_carea' id='block_1_4' title="bbox 929 318 936 2706">
    <p class='ocr_par' dir='ltr' id='par_1_18' title="bbox 929 318 936 2706">
     <span class='ocr_line' id='line_1_78' title="bbox 929 318 936 2706; baseline 0 0"><span class='ocrx_word' id='word_1_579' title='bbox 929 318 936 2706; x_wconf 95' lang='lat' dir='ltr'> </span> 
     </span>
    </p>
   </div>
   <div class='ocr_carea' id='block_1_5' title="bbox 1685 180 1746 209">
    <p class='ocr_par' dir='ltr' id='par_1_19' title="bbox 1685 180 1746 209">
     <span class='ocr_line' id='line_1_79' title="bbox 1685 180 1746 209; baseline 0 0"><span class='ocrx_word' id='word_1_580' title='bbox 1685 180 1746 209; x_wconf 83' lang='lat'>315</span> 
     </span>
    </p>
   </div>
   <div class='ocr_carea' id='block_1_6' title="bbox 955 255 1753 1933">
    <p class='ocr_par' dir='ltr' id='par_1_20' title="bbox 991 255 1747 424">
     <span class='ocr_line' id='line_1_80' title="bbox 991 255 1747 293; baseline 0.013 -14"><span class='ocrx_word' id='word_1_581' title='bbox 991 255 1133 293; x_wconf 81' lang='lat' dir='ltr'>dispensat</span> <span class='ocrx_word' id='word_1_582' title='bbox 1160 257 1254 288; x_wconf 71' lang='lat' dir='ltr'>(fllium</span> <span class='ocrx_word' id='word_1_583' title='bbox 1284 258 1350 284; x_wconf 76' lang='lat' dir='ltr'>alter</span> <span class='ocrx_word' id='word_1_584' title='bbox 1376 260 1450 285; x_wconf 76' lang='lat' dir='ltr'>alteri</span> <span class='ocrx_word' id='word_1_585' title='bbox 1477 261 1604 293; x_wconf 70' lang='lat' dir='ltr'>(ulrlzicit).</span> <span class='ocrx_word' id='word_1_586' title='bbox 1648 263 1678 288; x_wconf 88' lang='lat' dir='ltr'><em>X</em></span> <span class='ocrx_word' id='word_1_587' title='bbox 1702 266 1747 289; x_wconf 82' lang='grc'>295</span> 
     </span>
     <span class='ocr_line' id='line_1_81' title="bbox 991 289 1744 325; baseline 0.012 -11"><span class='ocrx_word' id='word_1_588' title='bbox 991 289 1097 315; x_wconf 84' lang='lat' dir='ltr'>dulcior</span> <span class='ocrx_word' id='word_1_589' title='bbox 1115 290 1228 316; x_wconf 82' lang='lat' dir='ltr'>affectus</span> <span class='ocrx_word' id='word_1_590' title='bbox 1251 292 1353 318; x_wconf 78' lang='lat' dir='ltr'>Glauce</span> <span class='ocrx_word' id='word_1_591' title='bbox 1370 302 1448 325; x_wconf 66' lang='lat' dir='ltr'>quam</span> <span class='ocrx_word' id='word_1_592' title='bbox 1462 295 1564 321; x_wconf 68' lang='lat' dir='ltr'>Medea.</span> <span class='ocrx_word' id='word_1_593' title='bbox 1600 300 1646 322; x_wconf 90' lang='grc'>452</span> <span class='ocrx_word' id='word_1_594' title='bbox 1665 297 1744 322; x_wconf 79' lang='lat' dir='ltr'>affec-</span> 
     </span>
     <span class='ocr_line' id='line_1_82' title="bbox 992 324 1747 361; baseline 0.011 -13"><span class='ocrx_word' id='word_1_595' title='bbox 992 324 1035 349; x_wconf 87' lang='lat' dir='ltr'>tus</span> <span class='ocrx_word' id='word_1_596' title='bbox 1060 324 1155 349; x_wconf 83' lang='lat' dir='ltr'>funera</span> <span class='ocrx_word' id='word_1_597' title='bbox 1179 327 1328 358; x_wconf 79' lang='lat' dir='ltr'>praestant.</span> <span class='ocrx_word' id='word_1_598' title='bbox 1377 329 1420 353; x_wconf 78' lang='lat' dir='ltr'>Or.</span> <span class='ocrx_word' id='word_1_599' title='bbox 1439 333 1483 354; x_wconf 92' lang='grc'>914</span> <span class='ocrx_word' id='word_1_600' title='bbox 1507 329 1606 361; x_wconf 85' lang='lat' dir='ltr'>quibus</span> <span class='ocrx_word' id='word_1_601' title='bbox 1634 332 1675 356; x_wconf 83' lang='lat' dir='ltr'>est</span> <span class='ocrx_word' id='word_1_602' title='bbox 1701 331 1747 356; x_wconf 84' lang='lat' dir='ltr'>ad-</span> 
     </span>
     <span class='ocr_line' id='line_1_83' title="bbox 992 357 1388 392; baseline 0.01 -10"><span class='ocrx_word' id='word_1_603' title='bbox 992 357 1078 383; x_wconf 85' lang='lat' dir='ltr'>fectus</span> <span class='ocrx_word' id='word_1_604' title='bbox 1104 359 1237 384; x_wconf 85' lang='lat' dir='ltr'>amandus</span> <span class='ocrx_word' id='word_1_605' title='bbox 1263 360 1388 392; x_wconf 80' lang='lat' dir='ltr'>(infans).</span> 
     </span>
     <span class='ocr_line' id='line_1_84' title="bbox 991 391 1255 424; baseline 0.011 -8"><span class='ocrx_word' id='word_1_606' title='bbox 991 391 1107 424; x_wconf 85' lang='lat' dir='ltr'>simplex</span> <span class='ocrx_word' id='word_1_607' title='bbox 1127 392 1255 419; x_wconf 80' lang='lat' dir='ltr'>Affectus.</span> 
     </span>
    </p>

    <p class='ocr_par' dir='ltr' id='par_1_21' title="bbox 958 426 1746 486">
     <span class='ocr_line' id='line_1_85' title="bbox 958 426 1746 465; baseline 0.01 -15"><span class='ocrx_word' id='word_1_608' title='bbox 958 426 1079 463; x_wconf 77' lang='lat' dir='ltr'>affero]</span> <span class='ocrx_word' id='word_1_609' title='bbox 1105 426 1174 452; x_wconf 84' lang='lat' dir='ltr'>Mer.</span> <span class='ocrx_word' id='word_1_610' title='bbox 1193 435 1212 452; x_wconf 87' lang='lat' dir='ltr'>e.</span> <span class='ocrx_word' id='word_1_611' title='bbox 1232 432 1255 460; x_wconf 86' lang='grc'>4,</span> <span class='ocrx_word' id='word_1_612' title='bbox 1268 431 1300 454; x_wconf 87' lang='grc'>34</span> <span class='ocrx_word' id='word_1_613' title='bbox 1324 428 1434 455; x_wconf 84' lang='lat' dir='ltr'>distulit</span> <span class='ocrx_word' id='word_1_614' title='bbox 1457 430 1613 464; x_wconf 77' lang='lat' dir='ltr'>adtulitque</span> <span class='ocrx_word' id='word_1_615' title='bbox 1639 434 1746 465; x_wconf 81' lang='lat' dir='ltr'>partum</span> 
     </span>
     <span class='ocr_line' id='line_1_86' title="bbox 993 459 1213 486; baseline 0.009 -2"><span class='ocrx_word' id='word_1_616' title='bbox 993 459 1112 485; x_wconf 82' lang='lat' dir='ltr'>Luclnae</span> <span class='ocrx_word' id='word_1_617' title='bbox 1131 469 1213 486; x_wconf 85' lang='lat' dir='ltr'>mora.</span> 
     </span>
    </p>

    <p class='ocr_par' dir='ltr' id='par_1_22' title="bbox 958 493 1748 556">
     <span class='ocr_line' id='line_1_87' title="bbox 958 493 1748 532; baseline 0.009 -13"><span class='ocrx_word' id='word_1_618' title='bbox 958 493 1097 527; x_wconf 80' lang='lat' dir='ltr'>afficio]</span> <span class='ocrx_word' id='word_1_619' title='bbox 1118 497 1141 527; x_wconf 82' lang='lat'>3,</span> <span class='ocrx_word' id='word_1_620' title='bbox 1156 498 1188 521; x_wconf 80' lang='lat'>36</span> <span class='ocrx_word' id='word_1_621' title='bbox 1208 503 1262 521; x_wconf 90' lang='lat' dir='ltr'>non</span> <span class='ocrx_word' id='word_1_622' title='bbox 1282 497 1440 522; x_wconf 83' lang='lat' dir='ltr'>exactorem&#39;</span> <span class='ocrx_word' id='word_1_623' title='bbox 1453 498 1541 530; x_wconf 86' lang='lat' dir='ltr'>pudor</span> <span class='ocrx_word' id='word_1_624' title='bbox 1554 498 1687 532; x_wconf 75' lang='lat' dir='ltr'>imprimit</span> <span class='ocrx_word' id='word_1_625' title='bbox 1699 502 1748 526; x_wconf 82' lang='lat' dir='ltr'>aut</span> 
     </span>
     <span class='ocr_line' id='line_1_88' title="bbox 992 528 1417 556; baseline 0.007 -3"><span class='ocrx_word' id='word_1_626' title='bbox 992 528 1069 553; x_wconf 89' lang='lat' dir='ltr'>dolor</span> <span class='ocrx_word' id='word_1_627' title='bbox 1088 528 1159 554; x_wconf 88' lang='lat' dir='ltr'>ullus</span> <span class='ocrx_word' id='word_1_628' title='bbox 1178 529 1264 555; x_wconf 87' lang='lat' dir='ltr'>afficit</span> <span class='ocrx_word' id='word_1_629' title='bbox 1283 532 1417 556; x_wconf 85' lang='lat' dir='ltr'>exactum.</span> 
     </span>
    </p>

    <p class='ocr_par' dir='ltr' id='par_1_23' title="bbox 959 561 1611 599">
     <span class='ocr_line' id='line_1_89' title="bbox 959 561 1611 599; baseline 0.006 -12"><span class='ocrx_word' id='word_1_630' title='bbox 959 561 1097 595; x_wconf 85' lang='lat' dir='ltr'>affinis]</span> <span class='ocrx_word' id='word_1_631' title='bbox 1119 563 1161 588; x_wconf 91' lang='lat' dir='ltr'>Or.</span> <span class='ocrx_word' id='word_1_632' title='bbox 1180 567 1228 589; x_wconf 88' lang='grc'>538</span> <span class='ocrx_word' id='word_1_633' title='bbox 1246 564 1335 589; x_wconf 85' lang='lat' dir='ltr'>adfine</span> <span class='ocrx_word' id='word_1_634' title='bbox 1354 565 1429 590; x_wconf 79' lang='lat' dir='ltr'>nefas</span> <span class='ocrx_word' id='word_1_635' title='bbox 1448 565 1611 599; x_wconf 68' lang='lat' dir='ltr'>Acyistlmm.</span> 
     </span>
    </p>

    <p class='ocr_par' dir='ltr' id='par_1_24' title="bbox 958 596 1748 694">
     <span class='ocr_line' id='line_1_90' title="bbox 958 596 1748 634; baseline 0.006 -13"><span class='ocrx_word' id='word_1_636' title='bbox 958 596 1103 634; x_wconf 78' lang='lat' dir='ltr'>affligo]</span> <span class='ocrx_word' id='word_1_637' title='bbox 1134 600 1157 629; x_wconf 84' lang='grc'>2,</span> <span class='ocrx_word' id='word_1_638' title='bbox 1179 601 1226 623; x_wconf 86' lang='grc'>524</span> <span class='ocrx_word' id='word_1_639' title='bbox 1254 598 1390 624; x_wconf 84' lang='lat' dir='ltr'>insontem</span> <span class='ocrx_word' id='word_1_640' title='bbox 1409 618 1415 625; x_wconf 88' lang='lat'>.</span> <span class='ocrx_word' id='word_1_641' title='bbox 1430 619 1454 624; x_wconf 93' lang='lat'>..</span> <span class='ocrx_word' id='word_1_642' title='bbox 1480 601 1615 633; x_wconf 82' lang='lat' dir='ltr'>supplicio</span> <span class='ocrx_word' id='word_1_643' title='bbox 1710 602 1748 626; x_wconf 83' lang='lat' dir='ltr'>as-</span> 
     </span>
     <span class='ocr_line' id='line_1_91' title="bbox 992 630 1748 668; baseline 0.008 -13"><span class='ocrx_word' id='word_1_644' title='bbox 992 630 1072 663; x_wconf 81' lang='lat' dir='ltr'>fligit.</span> <span class='ocrx_word' id='word_1_645' title='bbox 1107 634 1129 662; x_wconf 85' lang='lat'>3,</span> <span class='ocrx_word' id='word_1_646' title='bbox 1145 635 1194 657; x_wconf 88' lang='lat'>609</span> <span class='ocrx_word' id='word_1_647' title='bbox 1213 640 1323 665; x_wconf 83' lang='lat' dir='ltr'>parcere</span> <span class='ocrx_word' id='word_1_648' title='bbox 1342 653 1366 659; x_wconf 87' lang='lat'>..</span> <span class='ocrx_word' id='word_1_649' title='bbox 1380 653 1386 659; x_wconf 85' lang='lat'>.</span> <span class='ocrx_word' id='word_1_650' title='bbox 1405 633 1516 659; x_wconf 86' lang='lat' dir='ltr'>afflicto.</span> <span class='ocrx_word' id='word_1_651' title='bbox 1552 638 1634 666; x_wconf 68' lang='grc'><em>3,(176</em></span> <span class='ocrx_word' id='word_1_652' title='bbox 1652 644 1748 668; x_wconf 78' lang='lat' dir='ltr'>repara</span> 
     </span>
     <span class='ocr_line' id='line_1_92' title="bbox 992 665 1528 694; baseline 0.009 -5"><span class='ocrx_word' id='word_1_653' title='bbox 992 665 1132 691; x_wconf 83' lang='lat' dir='ltr'>adflictum</span> <span class='ocrx_word' id='word_1_654' title='bbox 1152 666 1201 691; x_wconf 85' lang='lat' dir='ltr'>tali</span> <span class='ocrx_word' id='word_1_655' title='bbox 1221 666 1271 692; x_wconf 90' lang='lat' dir='ltr'>sub</span> <span class='ocrx_word' id='word_1_656' title='bbox 1291 667 1368 693; x_wconf 84' lang='lat' dir='ltr'>clade</span> <span class='ocrx_word' id='word_1_657' title='bbox 1386 668 1528 694; x_wconf 88' lang='lat' dir='ltr'>malorum.</span> 
     </span>
    </p>

    <p class='ocr_par' dir='ltr' id='par_1_25' title="bbox 958 698 1749 765">
     <span class='ocr_line' id='line_1_93' title="bbox 958 698 1749 737; baseline 0.006 -14"><span class='ocrx_word' id='word_1_658' title='bbox 958 698 1055 737; x_wconf 64' lang='lat' dir='ltr'>aft&#39;lo]</span> <span class='ocrx_word' id='word_1_659' title='bbox 1074 702 1095 730; x_wconf 83' lang='lat'>3,</span> <span class='ocrx_word' id='word_1_660' title='bbox 1110 702 1158 725; x_wconf 84' lang='lat'>178</span> <span class='ocrx_word' id='word_1_661' title='bbox 1175 700 1243 726; x_wconf 87' lang='lat' dir='ltr'>roris</span> <span class='ocrx_word' id='word_1_662' title='bbox 1257 701 1369 734; x_wconf 79' lang='lat' dir='ltr'>spiritus</span> <span class='ocrx_word' id='word_1_663' title='bbox 1382 702 1480 728; x_wconf 83' lang='lat' dir='ltr'>afflans</span> <span class='ocrx_word' id='word_1_664' title='bbox 1494 701 1616 728; x_wconf 84' lang='lat' dir='ltr'>imbrifer</span> <span class='ocrx_word' id='word_1_665' title='bbox 1630 702 1749 729; x_wconf 84' lang='lat' dir='ltr'>extinxit</span> 
     </span>
     <span class='ocr_line' id='line_1_94' title="bbox 991 741 1086 765; baseline 0.021 -8"><span class='ocrx_word' id='word_1_666' title='bbox 991 741 1086 765; x_wconf 75' lang='lat' dir='ltr'>iynem.</span> 
     </span>
    </p>

    <p class='ocr_par' dir='ltr' id='par_1_26' title="bbox 957 767 1617 804">
     <span class='ocr_line' id='line_1_95' title="bbox 957 767 1617 804; baseline 0.006 -12"><span class='ocrx_word' id='word_1_667' title='bbox 957 767 1104 801; x_wconf 85' lang='lat' dir='ltr'>agellus]</span> <span class='ocrx_word' id='word_1_668' title='bbox 1129 767 1172 794; x_wconf 92' lang='lat' dir='ltr'>Or.</span> <span class='ocrx_word' id='word_1_669' title='bbox 1191 772 1240 794; x_wconf 89' lang='grc'>275</span> <span class='ocrx_word' id='word_1_670' title='bbox 1260 769 1348 795; x_wconf 90' lang='lat' dir='ltr'>cultor</span> <span class='ocrx_word' id='word_1_671' title='bbox 1366 770 1449 803; x_wconf 81' lang='lat' dir='ltr'>agelli</span> <span class='ocrx_word' id='word_1_672' title='bbox 1468 770 1617 804; x_wconf 72' lang='lat' dir='ltr'>Aeyislhns.</span> 
     </span>
    </p>

    <p class='ocr_par' dir='ltr' id='par_1_27' title="bbox 957 802 1502 837">
     <span class='ocr_line' id='line_1_96' title="bbox 957 802 1502 837; baseline 0.007 -11"><span class='ocrx_word' id='word_1_673' title='bbox 957 802 1096 835; x_wconf 82' lang='lat' dir='ltr'>aggero]</span> <span class='ocrx_word' id='word_1_674' title='bbox 1116 805 1165 827; x_wconf 82' lang='lat' dir='ltr'>sat.</span> <span class='ocrx_word' id='word_1_675' title='bbox 1186 807 1216 829; x_wconf 89' lang='grc'>79</span> <span class='ocrx_word' id='word_1_676' title='bbox 1234 803 1354 829; x_wconf 88' lang='lat' dir='ltr'>nubibus</span> <span class='ocrx_word' id='word_1_677' title='bbox 1372 804 1502 837; x_wconf 72' lang='lat' dir='ltr'>aggestis.</span> 
     </span>
    </p>

    <p class='ocr_par' dir='ltr' id='par_1_28' title="bbox 957 836 1748 872">
     <span class='ocr_line' id='line_1_97' title="bbox 957 836 1748 872; baseline 0.005 -12"><span class='ocrx_word' id='word_1_678' title='bbox 957 843 1060 869; x_wconf 81' lang='lat' dir='ltr'>agges</span> <span class='ocrx_word' id='word_1_679' title='bbox 1069 836 1131 869; x_wconf 91' lang='lat' dir='ltr'>tus]</span> <span class='ocrx_word' id='word_1_680' title='bbox 1145 837 1216 871; x_wconf 71' lang='lat' dir='ltr'>Euy.</span> <span class='ocrx_word' id='word_1_681' title='bbox 1228 837 1300 870; x_wconf 73' lang='lat' dir='ltr'>epist.</span> <span class='ocrx_word' id='word_1_682' title='bbox 1312 841 1335 867; x_wconf 78' lang='lat'>3,</span> <span class='ocrx_word' id='word_1_683' title='bbox 1346 842 1362 863; x_wconf 90' lang='grc'>4</span> <span class='ocrx_word' id='word_1_684' title='bbox 1372 838 1479 864; x_wconf 88' lang='lat' dir='ltr'>adsidui</span> <span class='ocrx_word' id='word_1_685' title='bbox 1491 838 1610 872; x_wconf 84' lang='lat' dir='ltr'>langoris</span> <span class='ocrx_word' id='word_1_686' title='bbox 1624 839 1748 871; x_wconf 78' lang='lat' dir='ltr'>aggestu.</span> 
     </span>
    </p>

    <p class='ocr_par' dir='ltr' id='par_1_29' title="bbox 957 869 1750 1143">
     <span class='ocr_line' id='line_1_98' title="bbox 957 869 1748 906; baseline 0.004 -12"><span class='ocrx_word' id='word_1_687' title='bbox 957 869 1151 903; x_wconf 85' lang='lat' dir='ltr'>aggredior]</span> <span class='ocrx_word' id='word_1_688' title='bbox 1171 876 1192 901; x_wconf 82' lang='lat'><strong><em>1,</em></strong></span> <span class='ocrx_word' id='word_1_689' title='bbox 1205 875 1254 898; x_wconf 88' lang='lat'>470</span> <span class='ocrx_word' id='word_1_690' title='bbox 1272 872 1397 906; x_wconf 83' lang='lat' dir='ltr'>coniugis</span> <span class='ocrx_word' id='word_1_691' title='bbox 1423 881 1501 898; x_wconf 85' lang='lat' dir='ltr'>aures</span> <span class='ocrx_word' id='word_1_692' title='bbox 1520 873 1681 906; x_wconf 81' lang='lat' dir='ltr'>adgreditur</span> <span class='ocrx_word' id='word_1_693' title='bbox 1700 873 1748 898; x_wconf 81' lang='lat' dir='ltr'>sub</span> 
     </span>
     <span class='ocr_line' id='line_1_99' title="bbox 991 904 1749 940; baseline 0.003 -10"><span class='ocrx_word' id='word_1_694' title='bbox 991 912 1056 931; x_wconf 90' lang='lat' dir='ltr'>voce</span> <span class='ocrx_word' id='word_1_695' title='bbox 1069 904 1116 937; x_wconf 87' lang='lat' dir='ltr'>pia</span> <span class='ocrx_word' id='word_1_696' title='bbox 1130 905 1248 931; x_wconf 74' lang='lat' dir='ltr'>diabolus</span> <span class='ocrx_word' id='word_1_697' title='bbox 1260 907 1303 938; x_wconf 80' lang='lat' dir='ltr'>(cf.</span> <span class='ocrx_word' id='word_1_698' title='bbox 1316 906 1361 932; x_wconf 82' lang='lat' dir='ltr'>Sil.</span> <span class='ocrx_word' id='word_1_699' title='bbox 1378 911 1399 938; x_wconf 88' lang='lat'>7,</span> <span class='ocrx_word' id='word_1_700' title='bbox 1410 910 1460 933; x_wconf 87' lang='grc'>260</span> <span class='ocrx_word' id='word_1_701' title='bbox 1472 907 1631 940; x_wconf 79' lang='lat' dir='ltr'>fraudisque</span> <span class='ocrx_word' id='word_1_702' title='bbox 1645 914 1749 933; x_wconf 86' lang='lat' dir='ltr'>veneno</span> 
     </span>
     <span class='ocr_line' id='line_1_100' title="bbox 991 938 1749 974; baseline 0.004 -11"><span class='ocrx_word' id='word_1_703' title='bbox 991 938 1152 971; x_wconf 83' lang='lat' dir='ltr'>adgreditur</span> <span class='ocrx_word' id='word_1_704' title='bbox 1174 941 1299 973; x_wconf 84' lang='lat' dir='ltr'>mentes).</span> <span class='ocrx_word' id='word_1_705' title='bbox 1339 944 1362 972; x_wconf 81' lang='lat'>3,</span> <span class='ocrx_word' id='word_1_706' title='bbox 1377 944 1429 967; x_wconf 84' lang='lat'><strong><em>486</em></strong></span> <span class='ocrx_word' id='word_1_707' title='bbox 1451 941 1523 974; x_wconf 90' lang='lat' dir='ltr'>quod</span> <span class='ocrx_word' id='word_1_708' title='bbox 1548 943 1628 967; x_wconf 86' lang='lat' dir='ltr'>tanta</span> <span class='ocrx_word' id='word_1_709' title='bbox 1653 950 1749 967; x_wconf 86' lang='lat' dir='ltr'>manus</span> 
     </span>
     <span class='ocr_line' id='line_1_101' title="bbox 990 973 1750 1009; baseline 0.004 -11"><span class='ocrx_word' id='word_1_710' title='bbox 990 981 1044 998; x_wconf 90' lang='lat' dir='ltr'>non</span> <span class='ocrx_word' id='word_1_711' title='bbox 1073 975 1115 998; x_wconf 90' lang='lat' dir='ltr'>est</span> <span class='ocrx_word' id='word_1_712' title='bbox 1137 973 1267 1007; x_wconf 84' lang='lat' dir='ltr'>adgressa</span> <span class='ocrx_word' id='word_1_713' title='bbox 1286 974 1417 1007; x_wconf 83' lang='lat' dir='ltr'>virorum,</span> <span class='ocrx_word' id='word_1_714' title='bbox 1512 975 1626 1009; x_wconf 85' lang='lat' dir='ltr'>perfecit</span> <span class='ocrx_word' id='word_1_715' title='bbox 1648 975 1750 1001; x_wconf 85' lang='lat' dir='ltr'>femina</span> 
     </span>
     <span class='ocr_line' id='line_1_102' title="bbox 990 1007 1750 1042; baseline 0.004 -10"><span class='ocrx_word' id='word_1_716' title='bbox 990 1007 1048 1033; x_wconf 91' lang='lat' dir='ltr'>sola</span> <span class='ocrx_word' id='word_1_717' title='bbox 1061 1007 1162 1033; x_wconf 63' lang='lat' dir='ltr'>Iudith.</span> <span class='ocrx_word' id='word_1_718' title='bbox 1198 1008 1274 1034; x_wconf 92' lang='lat' dir='ltr'><em>VIII</em></span> <span class='ocrx_word' id='word_1_719' title='bbox 1286 1011 1301 1034; x_wconf 88' lang='lat'>3</span> <span class='ocrx_word' id='word_1_720' title='bbox 1312 1009 1440 1034; x_wconf 83' lang='lat' dir='ltr'>carminis</span> <span class='ocrx_word' id='word_1_721' title='bbox 1451 1010 1590 1035; x_wconf 75' lang='lat' dir='ltr'>materiam</span> <span class='ocrx_word' id='word_1_722' title='bbox 1603 1010 1750 1042; x_wconf 80' lang='lat' dir='ltr'>aggrediar</span> 
     </span>
     <span class='ocr_line' id='line_1_103' title="bbox 990 1041 1750 1077; baseline 0.003 -11"><span class='ocrx_word' id='word_1_723' title='bbox 990 1041 1102 1068; x_wconf 90' lang='lat' dir='ltr'>meliore</span> <span class='ocrx_word' id='word_1_724' title='bbox 1121 1041 1174 1070; x_wconf 85' lang='lat' dir='ltr'>via.</span> <span class='ocrx_word' id='word_1_725' title='bbox 1216 1042 1259 1068; x_wconf 83' lang='lat' dir='ltr'>Or.</span> <span class='ocrx_word' id='word_1_726' title='bbox 1278 1046 1328 1068; x_wconf 89' lang='lat'>326</span> <span class='ocrx_word' id='word_1_727' title='bbox 1346 1044 1456 1077; x_wconf 83' lang='lat' dir='ltr'>placare</span> <span class='ocrx_word' id='word_1_728' title='bbox 1474 1044 1603 1069; x_wconf 85' lang='lat' dir='ltr'>maritum</span> <span class='ocrx_word' id='word_1_729' title='bbox 1624 1044 1750 1076; x_wconf 83' lang='lat' dir='ltr'>adgredi-</span> 
     </span>
     <span class='ocr_line' id='line_1_104' title="bbox 990 1076 1750 1111; baseline 0.003 -10"><span class='ocrx_word' id='word_1_730' title='bbox 990 1076 1042 1102; x_wconf 87' lang='lat' dir='ltr'>tur.</span> <span class='ocrx_word' id='word_1_731' title='bbox 1078 1079 1126 1102; x_wconf 90' lang='grc'>582</span> <span class='ocrx_word' id='word_1_732' title='bbox 1144 1076 1182 1102; x_wconf 88' lang='lat' dir='ltr'>sic</span> <span class='ocrx_word' id='word_1_733' title='bbox 1200 1084 1344 1110; x_wconf 87' lang='lat' dir='ltr'>aggressus</span> <span class='ocrx_word' id='word_1_734' title='bbox 1364 1078 1487 1104; x_wconf 85' lang='lat' dir='ltr'>Orestem</span> <span class='ocrx_word' id='word_1_735' title='bbox 1510 1078 1665 1111; x_wconf 86' lang='lat' dir='ltr'>increpitat.</span> <span class='ocrx_word' id='word_1_736' title='bbox 1703 1081 1750 1104; x_wconf 85' lang='grc'>818</span> 
     </span>
     <span class='ocr_line' id='line_1_105' title="bbox 990 1110 1371 1143; baseline 0.005 -8"><span class='ocrx_word' id='word_1_737' title='bbox 990 1110 1151 1143; x_wconf 86' lang='lat' dir='ltr'>adgreditur</span> <span class='ocrx_word' id='word_1_738' title='bbox 1169 1110 1295 1137; x_wconf 84' lang='lat' dir='ltr'>iuvenem</span> <span class='ocrx_word' id='word_1_739' title='bbox 1313 1112 1371 1138; x_wconf 81' lang='lat' dir='ltr'>telo.</span> 
     </span>
    </p>

    <p class='ocr_par' dir='ltr' id='par_1_30' title="bbox 955 1144 1750 1239">
     <span class='ocr_line' id='line_1_106' title="bbox 955 1144 1750 1179; baseline 0.003 -10"><span class='ocrx_word' id='word_1_740' title='bbox 955 1144 1065 1177; x_wconf 86' lang='lat' dir='ltr'>agito]</span> <span class='ocrx_word' id='word_1_741' title='bbox 1084 1147 1106 1176; x_wconf 85' lang='lat'>1,</span> <span class='ocrx_word' id='word_1_742' title='bbox 1121 1148 1168 1171; x_wconf 87' lang='lat'>601</span> <span class='ocrx_word' id='word_1_743' title='bbox 1187 1145 1300 1178; x_wconf 89' lang='lat' dir='ltr'>spiritus</span> <span class='ocrx_word' id='word_1_744' title='bbox 1381 1146 1426 1172; x_wconf 89' lang='lat' dir='ltr'>dei</span> <span class='ocrx_word' id='word_1_745' title='bbox 1504 1145 1597 1172; x_wconf 89' lang='lat' dir='ltr'>omnia</span> <span class='ocrx_word' id='word_1_746' title='bbox 1616 1146 1750 1179; x_wconf 82' lang='lat' dir='ltr'>complec-</span> 
     </span>
     <span class='ocr_line' id='line_1_107' title="bbox 990 1179 1750 1238; baseline 0.001 -34"><span class='ocrx_word' id='word_1_747' title='bbox 990 1179 1160 1238; x_wconf 56' lang='lat' dir='ltr'>tens1·{²,g(¹]tat</span> <span class='ocrx_word' id='word_1_748' title='bbox 1178 1179 1261 1206; x_wconf 86' lang='lat' dir='ltr'>fovet.</span> <span class='ocrx_word' id='word_1_749' title='bbox 1297 1183 1320 1212; x_wconf 92' lang='grc'>2,</span> <span class='ocrx_word' id='word_1_750' title='bbox 1336 1183 1382 1207; x_wconf 86' lang='grc'>313</span> <span class='ocrx_word' id='word_1_751' title='bbox 1395 1180 1550 1213; x_wconf 89' lang='lat' dir='ltr'>incestique</span> <span class='ocrx_word' id='word_1_752' title='bbox 1564 1180 1640 1206; x_wconf 81' lang='lat' dir='ltr'>nefas</span> <span class='ocrx_word' id='word_1_753' title='bbox 1659 1180 1750 1213; x_wconf 85' lang='lat' dir='ltr'>agitat</span> 
     </span>
     <span class='ocr_line' id='line_1_108' title="bbox 1060 1222 1144 1239; baseline 0.007 -0.549"><span class='ocrx_word' id='word_1_754' title='bbox 1060 1222 1068 1238; x_wconf 91' lang='lat'>1</span> <span class='ocrx_word' id='word_1_755' title='bbox 1090 1222 1097 1239; x_wconf 83' lang='lat'>1</span> <span class='ocrx_word' id='word_1_756' title='bbox 1120 1222 1144 1239; x_wconf 92' lang='lat'>0.</span> 
     </span>
    </p>

    <p class='ocr_par' dir='ltr' id='par_1_31' title="bbox 956 1247 1751 1624">
     <span class='ocr_line' id='line_1_109' title="bbox 956 1247 1749 1282; baseline 0.001 -10"><span class='ocrx_word' id='word_1_757' title='bbox 956 1247 1084 1281; x_wconf 83' lang='lat' dir='ltr'>agmen]</span> <span class='ocrx_word' id='word_1_758' title='bbox 1104 1248 1172 1273; x_wconf 86' lang='lat' dir='ltr'>Mer.</span> <span class='ocrx_word' id='word_1_759' title='bbox 1182 1250 1250 1280; x_wconf 71' lang='lat' dir='ltr'>poet.</span> <span class='ocrx_word' id='word_1_760' title='bbox 1263 1251 1308 1274; x_wconf 87' lang='lat'>165</span> <span class='ocrx_word' id='word_1_761' title='bbox 1325 1248 1401 1275; x_wconf 85' lang='lat' dir='ltr'>cadit</span> <span class='ocrx_word' id='word_1_762' title='bbox 1419 1248 1543 1282; x_wconf 86' lang='lat' dir='ltr'>agmin(c</span> <span class='ocrx_word' id='word_1_763' title='bbox 1562 1248 1651 1281; x_wconf 84' lang='lat' dir='ltr'>caesa)</span> <span class='ocrx_word' id='word_1_764' title='bbox 1672 1248 1749 1274; x_wconf 81' lang='lat' dir='ltr'>silva.</span> 
     </span>
     <span class='ocr_line' id='line_1_110' title="bbox 991 1282 1751 1316; baseline 0 -9"><span class='ocrx_word' id='word_1_765' title='bbox 991 1282 1073 1307; x_wconf 79' lang='lat' dir='ltr'>Drac.</span> <span class='ocrx_word' id='word_1_766' title='bbox 1092 1285 1114 1314; x_wconf 85' lang='lat'>2,</span> <span class='ocrx_word' id='word_1_767' title='bbox 1129 1285 1173 1308; x_wconf 87' lang='lat'>211</span> <span class='ocrx_word' id='word_1_768' title='bbox 1196 1283 1308 1316; x_wconf 85' lang='lat' dir='ltr'>agmina</span> <span class='ocrx_word' id='word_1_769' title='bbox 1327 1302 1333 1309; x_wconf 88' lang='lat'>.</span> <span class='ocrx_word' id='word_1_770' title='bbox 1345 1303 1366 1309; x_wconf 89' lang='lat'>..</span> <span class='ocrx_word' id='word_1_771' title='bbox 1386 1285 1529 1309; x_wconf 84' lang='lat' dir='ltr'>astrorum.</span> <span class='ocrx_word' id='word_1_772' title='bbox 1569 1286 1616 1309; x_wconf 89' lang='grc'>385</span> <span class='ocrx_word' id='word_1_773' title='bbox 1639 1282 1751 1315; x_wconf 83' lang='lat' dir='ltr'>agmina</span> 
     </span>
     <span class='ocr_line' id='line_1_111' title="bbox 1011 1316 1751 1350; baseline 0 -8"><span class='ocrx_word' id='word_1_774' title='bbox 1011 1335 1017 1342; x_wconf 87' lang='lat'>.</span> <span class='ocrx_word' id='word_1_775' title='bbox 1031 1335 1037 1341; x_wconf 89' lang='lat'>.</span> <span class='ocrx_word' id='word_1_776' title='bbox 1057 1316 1205 1342; x_wconf 87' lang='lat' dir='ltr'>volucrum.</span> <span class='ocrx_word' id='word_1_777' title='bbox 1237 1320 1286 1343; x_wconf 84' lang='grc'>483</span> <span class='ocrx_word' id='word_1_778' title='bbox 1303 1317 1415 1350; x_wconf 86' lang='lat' dir='ltr'>agmina</span> <span class='ocrx_word' id='word_1_779' title='bbox 1434 1317 1593 1343; x_wconf 83' lang='lat' dir='ltr'>caelicolum</span> <span class='ocrx_word' id='word_1_780' title='bbox 1611 1317 1628 1343; x_wconf 74' lang='lat' dir='ltr'>i.</span> <span class='ocrx_word' id='word_1_781' title='bbox 1646 1317 1751 1349; x_wconf 58' lang='lat' dir='ltr'>angelo-</span> 
     </span>
     <span class='ocr_line' id='line_1_112' title="bbox 989 1351 1751 1384; baseline 0.001 -9"><span class='ocrx_word' id='word_1_782' title='bbox 989 1358 1058 1375; x_wconf 79' lang='lat' dir='ltr'>rum.</span> <span class='ocrx_word' id='word_1_783' title='bbox 1088 1354 1139 1377; x_wconf 87' lang='grc'>550</span> <span class='ocrx_word' id='word_1_784' title='bbox 1157 1352 1217 1377; x_wconf 86' lang='lat' dir='ltr'>toto</span> <span class='ocrx_word' id='word_1_785' title='bbox 1236 1351 1347 1384; x_wconf 81' lang='lat' dir='ltr'>agmine</span> <span class='ocrx_word' id='word_1_786' title='bbox 1365 1354 1537 1377; x_wconf 49' lang='lat' dir='ltr'>martinorum.</span> <span class='ocrx_word' id='word_1_787' title='bbox 1573 1355 1621 1377; x_wconf 84' lang='grc'>818</span> <span class='ocrx_word' id='word_1_788' title='bbox 1639 1351 1751 1383; x_wconf 84' lang='lat' dir='ltr'>agmina</span> 
     </span>
     <span class='ocr_line' id='line_1_113' title="bbox 991 1385 1749 1419; baseline 0 -9"><span class='ocrx_word' id='word_1_789' title='bbox 991 1385 1174 1411; x_wconf 87' lang='lat' dir='ltr'>condemnant</span> <span class='ocrx_word' id='word_1_790' title='bbox 1192 1387 1221 1411; x_wconf 89' lang='lat' dir='ltr'>et</span> <span class='ocrx_word' id='word_1_791' title='bbox 1239 1394 1327 1412; x_wconf 87' lang='lat' dir='ltr'>mores</span> <span class='ocrx_word' id='word_1_792' title='bbox 1345 1386 1458 1419; x_wconf 83' lang='lat' dir='ltr'>agmina</span> <span class='ocrx_word' id='word_1_793' title='bbox 1476 1387 1598 1419; x_wconf 84' lang='lat' dir='ltr'>purgant</span> <span class='ocrx_word' id='word_1_794' title='bbox 1616 1385 1644 1417; x_wconf 79' lang='grc' dir='ltr'>(ι’.</span> <span class='ocrx_word' id='word_1_795' title='bbox 1657 1393 1749 1418; x_wconf 50' lang='lat' dir='ltr'>aper-</span> 
     </span>
     <span class='ocr_line' id='line_1_114' title="bbox 990 1419 1751 1453; baseline 0.001 -10"><span class='ocrx_word' id='word_1_796' title='bbox 990 1419 1097 1451; x_wconf 76' lang='lat' dir='ltr'>mnltos,·</span> <span class='ocrx_word' id='word_1_797' title='bbox 1122 1420 1156 1451; x_wconf 77' lang='lat' dir='ltr'>cf.</span> <span class='ocrx_word' id='word_1_798' title='bbox 1176 1421 1307 1453; x_wconf 87' lang='lat' dir='ltr'>caterva).</span> <span class='ocrx_word' id='word_1_799' title='bbox 1351 1423 1374 1452; x_wconf 87' lang='lat'>3,</span> <span class='ocrx_word' id='word_1_800' title='bbox 1398 1424 1449 1446; x_wconf 88' lang='grc'>605</span> <span class='ocrx_word' id='word_1_801' title='bbox 1477 1420 1589 1453; x_wconf 82' lang='lat' dir='ltr'>agmina</span> <span class='ocrx_word' id='word_1_802' title='bbox 1613 1428 1751 1445; x_wconf 86' lang='lat' dir='ltr'>servorum</span> 
     </span>
     <span class='ocr_line' id='line_1_115' title="bbox 991 1453 1751 1487; baseline 0.001 -9"><span class='ocrx_word' id='word_1_803' title='bbox 991 1453 1111 1486; x_wconf 84' lang='lat' dir='ltr'>fugiunt.</span> <span class='ocrx_word' id='word_1_804' title='bbox 1137 1456 1189 1479; x_wconf 89' lang='grc'>630</span> <span class='ocrx_word' id='word_1_805' title='bbox 1206 1454 1319 1487; x_wconf 87' lang='lat' dir='ltr'>agmina</span> <span class='ocrx_word' id='word_1_806' title='bbox 1332 1456 1502 1487; x_wconf 83' lang='lat' dir='ltr'>peccantum.</span> <span class='ocrx_word' id='word_1_807' title='bbox 1529 1454 1612 1480; x_wconf 77' lang='lat' dir='ltr'><strong><em>V245</em></strong></span> <span class='ocrx_word' id='word_1_808' title='bbox 1626 1454 1751 1479; x_wconf 81' lang='lat' dir='ltr'>infreme-</span> 
     </span>
     <span class='ocr_line' id='line_1_116' title="bbox 991 1487 1750 1522; baseline 0.001 -9"><span class='ocrx_word' id='word_1_809' title='bbox 991 1489 1053 1513; x_wconf 87' lang='lat' dir='ltr'>rent</span> <span class='ocrx_word' id='word_1_810' title='bbox 1071 1496 1164 1514; x_wconf 89' lang='lat' dir='ltr'>omnes</span> <span class='ocrx_word' id='word_1_811' title='bbox 1187 1497 1241 1514; x_wconf 87' lang='lat' dir='ltr'>uno</span> <span class='ocrx_word' id='word_1_812' title='bbox 1269 1489 1380 1522; x_wconf 86' lang='lat' dir='ltr'>agmine</span> <span class='ocrx_word' id='word_1_813' title='bbox 1407 1489 1480 1515; x_wconf 88' lang='lat' dir='ltr'>cives</span> <span class='ocrx_word' id='word_1_814' title='bbox 1498 1488 1527 1520; x_wconf 84' lang='lat' dir='ltr'>(i.</span> <span class='ocrx_word' id='word_1_815' title='bbox 1543 1496 1566 1521; x_wconf 75' lang='lat' dir='ltr'>q.</span> <span class='ocrx_word' id='word_1_816' title='bbox 1590 1496 1620 1513; x_wconf 67' lang='lat' dir='ltr'>ea*</span> <span class='ocrx_word' id='word_1_817' title='bbox 1638 1487 1750 1520; x_wconf 78' lang='lat' dir='ltr'>ordine).</span> 
     </span>
     <span class='ocr_line' id='line_1_117' title="bbox 998 1522 1750 1556; baseline -0.001 -8"><span class='ocrx_word' id='word_1_818' title='bbox 998 1522 1039 1547; x_wconf 92' lang='lat' dir='ltr'>VI</span> <span class='ocrx_word' id='word_1_819' title='bbox 1057 1527 1085 1548; x_wconf 93' lang='lat'>11</span> <span class='ocrx_word' id='word_1_820' title='bbox 1104 1522 1280 1555; x_wconf 87' lang='lat' dir='ltr'>Apollineum</span> <span class='ocrx_word' id='word_1_821' title='bbox 1300 1543 1305 1549; x_wconf 86' lang='lat'>.</span> <span class='ocrx_word' id='word_1_822' title='bbox 1323 1544 1328 1549; x_wconf 91' lang='lat'>.</span> <span class='ocrx_word' id='word_1_823' title='bbox 1349 1543 1354 1549; x_wconf 97' lang='lat'>.</span> <span class='ocrx_word' id='word_1_824' title='bbox 1374 1531 1480 1556; x_wconf 85' lang='lat' dir='ltr'>agmen.</span> <span class='ocrx_word' id='word_1_825' title='bbox 1512 1526 1560 1548; x_wconf 85' lang='lat'>120</span> <span class='ocrx_word' id='word_1_826' title='bbox 1572 1522 1684 1556; x_wconf 83' lang='lat' dir='ltr'>agmina</span> <span class='ocrx_word' id='word_1_827' title='bbox 1701 1523 1750 1547; x_wconf 87' lang='lat' dir='ltr'>sal-</span> 
     </span>
     <span class='ocr_line' id='line_1_118' title="bbox 991 1556 1554 1591; baseline 0.002 -10"><span class='ocrx_word' id='word_1_828' title='bbox 991 1557 1107 1582; x_wconf 83' lang='lat' dir='ltr'>tantum.</span> <span class='ocrx_word' id='word_1_829' title='bbox 1138 1556 1180 1582; x_wconf 90' lang='lat' dir='ltr'>Or.</span> <span class='ocrx_word' id='word_1_830' title='bbox 1197 1560 1227 1583; x_wconf 92' lang='lat'>55</span> <span class='ocrx_word' id='word_1_831' title='bbox 1245 1557 1355 1590; x_wconf 85' lang='lat' dir='ltr'>agmine</span> <span class='ocrx_word' id='word_1_832' title='bbox 1368 1566 1416 1591; x_wconf 88' lang='lat' dir='ltr'>pro</span> <span class='ocrx_word' id='word_1_833' title='bbox 1432 1558 1554 1583; x_wconf 86' lang='lat' dir='ltr'>Danaum</span> 
     </span>
     <span class='ocr_line' id='line_1_119' title="bbox 991 1590 1166 1624; baseline 0.006 -9"><span class='ocrx_word' id='word_1_834' title='bbox 991 1590 1166 1624; x_wconf 66' lang='lat' dir='ltr'>Iphigeniam.</span> 
     </span>
    </p>

    <p class='ocr_par' dir='ltr' id='par_1_32' title="bbox 957 1625 1548 1659">
     <span class='ocr_line' id='line_1_120' title="bbox 957 1625 1548 1659; baseline 0.002 -9"><span class='ocrx_word' id='word_1_835' title='bbox 957 1625 1055 1658; x_wconf 86' lang='lat' dir='ltr'>agna]</span> <span class='ocrx_word' id='word_1_836' title='bbox 1076 1625 1097 1650; x_wconf 94' lang='lat' dir='ltr'><em>I</em></span> <span class='ocrx_word' id='word_1_837' title='bbox 1109 1629 1125 1651; x_wconf 92' lang='grc'>8</span> <span class='ocrx_word' id='word_1_838' title='bbox 1143 1634 1198 1651; x_wconf 91' lang='lat' dir='ltr'>non</span> <span class='ocrx_word' id='word_1_839' title='bbox 1217 1625 1313 1658; x_wconf 90' lang='lat' dir='ltr'>lupum</span> <span class='ocrx_word' id='word_1_840' title='bbox 1332 1625 1451 1651; x_wconf 85' lang='lat' dir='ltr'>timebat</span> <span class='ocrx_word' id='word_1_841' title='bbox 1469 1634 1548 1659; x_wconf 86' lang='lat' dir='ltr'>agna.</span> 
     </span>
    </p>

    <p class='ocr_par' dir='ltr' id='par_1_33' title="bbox 958 1659 1753 1898">
     <span class='ocr_line' id='line_1_121' title="bbox 958 1659 1751 1693; baseline -0.001 -8"><span class='ocrx_word' id='word_1_842' title='bbox 958 1660 1117 1693; x_wconf 82' lang='lat' dir='ltr'>agnosco]</span> <span class='ocrx_word' id='word_1_843' title='bbox 1138 1664 1158 1691; x_wconf 93' lang='lat'>1,</span> <span class='ocrx_word' id='word_1_844' title='bbox 1173 1662 1189 1685; x_wconf 88' lang='lat'>3</span> <span class='ocrx_word' id='word_1_845' title='bbox 1207 1661 1339 1693; x_wconf 83' lang='lat' dir='ltr'>agnoscet</span> <span class='ocrx_word' id='word_1_846' title='bbox 1351 1660 1436 1686; x_wconf 80' lang='lat' dir='ltr'>deam.</span> <span class='ocrx_word' id='word_1_847' title='bbox 1467 1664 1488 1691; x_wconf 84' lang='lat'>1,</span> <span class='ocrx_word' id='word_1_848' title='bbox 1502 1664 1551 1685; x_wconf 90' lang='grc'>494</span> <span class='ocrx_word' id='word_1_849' title='bbox 1570 1659 1639 1685; x_wconf 87' lang='lat' dir='ltr'>dant</span> <span class='ocrx_word' id='word_1_850' title='bbox 1652 1659 1751 1692; x_wconf 85' lang='lat' dir='ltr'>agnita</span> 
     </span>
     <span class='ocr_line' id='line_1_122' title="bbox 992 1693 1751 1727; baseline 0 -8"><span class='ocrx_word' id='word_1_851' title='bbox 992 1693 1114 1719; x_wconf 84' lang='lat' dir='ltr'>membra</span> <span class='ocrx_word' id='word_1_852' title='bbox 1132 1694 1278 1726; x_wconf 75' lang='lat' dir='ltr'>(pudenda)</span> <span class='ocrx_word' id='word_1_853' title='bbox 1295 1695 1411 1720; x_wconf 85' lang='lat' dir='ltr'>reatum.</span> <span class='ocrx_word' id='word_1_854' title='bbox 1447 1698 1469 1726; x_wconf 81' lang='grc'>2,</span> <span class='ocrx_word' id='word_1_855' title='bbox 1485 1698 1533 1720; x_wconf 89' lang='grc'><em>709</em></span> <span class='ocrx_word' id='word_1_856' title='bbox 1558 1694 1581 1719; x_wconf 90' lang='lat' dir='ltr'>si</span> <span class='ocrx_word' id='word_1_857' title='bbox 1606 1695 1751 1727; x_wconf 86' lang='lat' dir='ltr'>peccantes</span> 
     </span>
     <span class='ocr_line' id='line_1_123' title="bbox 993 1728 1751 1761; baseline 0 -8"><span class='ocrx_word' id='word_1_858' title='bbox 993 1730 1146 1761; x_wconf 83' lang='lat' dir='ltr'>agnoscant</span> <span class='ocrx_word' id='word_1_859' title='bbox 1165 1728 1245 1754; x_wconf 86' lang='lat' dir='ltr'>corde</span> <span class='ocrx_word' id='word_1_860' title='bbox 1263 1730 1362 1754; x_wconf 84' lang='lat' dir='ltr'>reatus.</span> <span class='ocrx_word' id='word_1_861' title='bbox 1399 1732 1422 1761; x_wconf 81' lang='lat'>3,</span> <span class='ocrx_word' id='word_1_862' title='bbox 1436 1732 1483 1754; x_wconf 87' lang='lat'><strong><em>155</em></strong></span> <span class='ocrx_word' id='word_1_863' title='bbox 1500 1737 1556 1754; x_wconf 87' lang='lat' dir='ltr'>non</span> <span class='ocrx_word' id='word_1_864' title='bbox 1574 1728 1751 1761; x_wconf 85' lang='lat' dir='ltr'>agnoscit...</span> 
     </span>
     <span class='ocr_line' id='line_1_124' title="bbox 993 1762 1752 1796; baseline -0.001 -8"><span class='ocrx_word' id='word_1_865' title='bbox 993 1762 1073 1795; x_wconf 89' lang='lat' dir='ltr'>quod.</span> <span class='ocrx_word' id='word_1_866' title='bbox 1110 1766 1162 1789; x_wconf 89' lang='lat'><strong><em>662</em></strong></span> <span class='ocrx_word' id='word_1_867' title='bbox 1180 1771 1253 1789; x_wconf 89' lang='lat' dir='ltr'>nunc</span> <span class='ocrx_word' id='word_1_868' title='bbox 1266 1764 1358 1789; x_wconf 87' lang='lat' dir='ltr'>tamen</span> <span class='ocrx_word' id='word_1_869' title='bbox 1377 1763 1478 1796; x_wconf 90' lang='lat' dir='ltr'>agnovi</span> <span class='ocrx_word' id='word_1_870' title='bbox 1498 1763 1555 1788; x_wconf 92' lang='lat' dir='ltr'>sine</span> <span class='ocrx_word' id='word_1_871' title='bbox 1574 1764 1602 1788; x_wconf 89' lang='lat' dir='ltr'>te</span> <span class='ocrx_word' id='word_1_872' title='bbox 1621 1762 1658 1787; x_wconf 92' lang='lat' dir='ltr'>nil</span> <span class='ocrx_word' id='word_1_873' title='bbox 1674 1770 1752 1795; x_wconf 83' lang='lat' dir='ltr'>posse</span> 
     </span>
     <span class='ocr_line' id='line_1_125' title="bbox 993 1796 1753 1830; baseline -0.001 -8"><span class='ocrx_word' id='word_1_874' title='bbox 993 1796 1105 1823; x_wconf 86' lang='lat' dir='ltr'>moveri.</span> <span class='ocrx_word' id='word_1_875' title='bbox 1151 1797 1180 1822; x_wconf 91' lang='lat' dir='ltr'><em>X</em></span> <span class='ocrx_word' id='word_1_876' title='bbox 1209 1801 1239 1823; x_wconf 87' lang='grc'><em>91</em></span> <span class='ocrx_word' id='word_1_877' title='bbox 1264 1805 1383 1830; x_wconf 80' lang='lat' dir='ltr'>agnosco</span> <span class='ocrx_word' id='word_1_878' title='bbox 1411 1797 1525 1823; x_wconf 88' lang='lat' dir='ltr'>stridere</span> <span class='ocrx_word' id='word_1_879' title='bbox 1553 1797 1662 1823; x_wconf 86' lang='lat' dir='ltr'>fretum.</span> <span class='ocrx_word' id='word_1_880' title='bbox 1704 1799 1753 1822; x_wconf 87' lang='grc'>346</span> 
     </span>
     <span class='ocr_line' id='line_1_126' title="bbox 993 1831 1751 1865; baseline 0 -9"><span class='ocrx_word' id='word_1_881' title='bbox 993 1831 1094 1864; x_wconf 84' lang='lat' dir='ltr'>agnovi</span> <span class='ocrx_word' id='word_1_882' title='bbox 1123 1831 1189 1864; x_wconf 88' lang='lat' dir='ltr'>quia</span> <span class='ocrx_word' id='word_1_883' title='bbox 1217 1832 1291 1857; x_wconf 87' lang='lat' dir='ltr'>furta</span> <span class='ocrx_word' id='word_1_884' title='bbox 1322 1840 1410 1865; x_wconf 85' lang='lat' dir='ltr'>paras.</span> <span class='ocrx_word' id='word_1_885' title='bbox 1458 1831 1502 1858; x_wconf 88' lang='lat' dir='ltr'>Or.</span> <span class='ocrx_word' id='word_1_886' title='bbox 1524 1834 1575 1858; x_wconf 85' lang='grc'>843</span> <span class='ocrx_word' id='word_1_887' title='bbox 1601 1839 1751 1864; x_wconf 85' lang='lat' dir='ltr'>agnoscens</span> 
     </span>
     <span class='ocr_line' id='line_1_127' title="bbox 993 1865 1378 1898; baseline 0 -7"><span class='ocrx_word' id='word_1_888' title='bbox 993 1865 1117 1898; x_wconf 84' lang='lat' dir='ltr'>gladium</span> <span class='ocrx_word' id='word_1_889' title='bbox 1136 1873 1187 1898; x_wconf 77' lang='lat' dir='ltr'>qno</span> <span class='ocrx_word' id='word_1_890' title='bbox 1205 1868 1300 1892; x_wconf 77' lang='lat' dir='ltr'>necata</span> <span class='ocrx_word' id='word_1_891' title='bbox 1317 1868 1378 1891; x_wconf 71' lang='lat' dir='ltr'>erat.</span> 
     </span>
    </p>

    <p class='ocr_par' dir='ltr' id='par_1_34' title="bbox 959 1899 1752 1933">
     <span class='ocr_line' id='line_1_128' title="bbox 959 1899 1752 1933; baseline -0.001 -8"><span class='ocrx_word' id='word_1_892' title='bbox 959 1900 1081 1933; x_wconf 84' lang='lat' dir='ltr'>agnus]</span> <span class='ocrx_word' id='word_1_893' title='bbox 1105 1903 1127 1930; x_wconf 89' lang='lat'>2,</span> <span class='ocrx_word' id='word_1_894' title='bbox 1147 1903 1196 1925; x_wconf 86' lang='grc'>453</span> <span class='ocrx_word' id='word_1_895' title='bbox 1222 1909 1271 1926; x_wconf 89' lang='lat' dir='ltr'>nec</span> <span class='ocrx_word' id='word_1_896' title='bbox 1289 1900 1369 1933; x_wconf 83' lang='lat' dir='ltr'>niger</span> <span class='ocrx_word' id='word_1_897' title='bbox 1386 1900 1436 1925; x_wconf 89' lang='lat' dir='ltr'>aut</span> <span class='ocrx_word' id='word_1_898' title='bbox 1453 1899 1532 1925; x_wconf 88' lang='lat' dir='ltr'>albus</span> <span class='ocrx_word' id='word_1_899' title='bbox 1551 1899 1660 1924; x_wconf 88' lang='lat' dir='ltr'>tantum</span> <span class='ocrx_word' id='word_1_900' title='bbox 1679 1899 1752 1924; x_wconf 90' lang='lat' dir='ltr'>color</span> 
     </span>
    </p>
   </div>
   <div class='ocr_carea' id='block_1_7' title="bbox 1446 363 1747 390">
    <p class='ocr_par' dir='ltr' id='par_1_35' title="bbox 1446 363 1747 390">
     <span class='ocr_line' id='line_1_129' title="bbox 1446 363 1747 390; baseline 0.01 -3"><span class='ocrx_word' id='word_1_901' title='bbox 1446 363 1614 389; x_wconf 74' lang='lat' dir='ltr'>Affectus:</span> <span class='ocrx_word' id='word_1_902' title='bbox 1646 365 1675 390; x_wconf 86' lang='lat' dir='ltr'><em>X</em></span> <span class='ocrx_word' id='word_1_903' title='bbox 1701 368 1747 390; x_wconf 82' lang='grc'>264</span> 
     </span>
    </p>
   </div>
   <div class='ocr_carea' id='block_1_8' title="bbox 1575 1557 1748 1583">
    <p class='ocr_par' dir='ltr' id='par_1_36' title="bbox 1575 1557 1748 1583">
     <span class='ocr_line' id='line_1_130' title="bbox 1575 1557 1748 1583; baseline -0.012 0"><span class='ocrx_word' id='word_1_904' title='bbox 1575 1577 1580 1583; x_wconf 92' lang='grc'><em>.</em></span> <span class='ocrx_word' id='word_1_905' title='bbox 1596 1577 1600 1582; x_wconf 96' lang='grc'><em>.</em></span> <span class='ocrx_word' id='word_1_906' title='bbox 1613 1577 1618 1582; x_wconf 91' lang='grc'><em>.</em></span> <span class='ocrx_word' id='word_1_907' title='bbox 1632 1557 1748 1582; x_wconf 84' lang='lat' dir='ltr'>litatam.</span> 
     </span>
    </p>
   </div>
   <div class='ocr_carea' id='block_1_9' title="bbox 993 1934 1752 2036">
    <p class='ocr_par' dir='ltr' id='par_1_37' title="bbox 993 1934 1752 2036">
     <span class='ocr_line' id='line_1_131' title="bbox 994 1934 1752 1966; baseline -0.001 -7"><span class='ocrx_word' id='word_1_908' title='bbox 994 1936 1063 1960; x_wconf 83' lang='lat' dir='ltr'>esset</span> <span class='ocrx_word' id='word_1_909' title='bbox 1096 1934 1124 1959; x_wconf 92' lang='lat' dir='ltr'>in</span> <span class='ocrx_word' id='word_1_910' title='bbox 1152 1934 1240 1966; x_wconf 81' lang='lat' dir='ltr'>agnis.</span> <span class='ocrx_word' id='word_1_911' title='bbox 1289 1938 1335 1960; x_wconf 87' lang='lat'>613</span> <span class='ocrx_word' id='word_1_912' title='bbox 1364 1934 1557 1959; x_wconf 78' lang='lat' dir='ltr'>immaculatus</span> <span class='ocrx_word' id='word_1_913' title='bbox 1663 1941 1752 1966; x_wconf 80' lang='lat' dir='ltr'>agnus</span> 
     </span>
     <span class='ocr_line' id='line_1_132' title="bbox 995 1968 1752 2000; baseline -0.001 -7"><span class='ocrx_word' id='word_1_914' title='bbox 995 1968 1123 1995; x_wconf 77' lang='lat' dir='ltr'>Christus.</span> <span class='ocrx_word' id='word_1_915' title='bbox 1165 1968 1244 1994; x_wconf 90' lang='lat' dir='ltr'><em>VIII</em></span> <span class='ocrx_word' id='word_1_916' title='bbox 1264 1972 1313 1994; x_wconf 90' lang='lat'>210</span> <span class='ocrx_word' id='word_1_917' title='bbox 1336 1968 1496 1994; x_wconf 87' lang='lat' dir='ltr'>haedos</span> <span class='ocrx_word' id='word_1_918' title='bbox 1525 1969 1552 1993; x_wconf 91' lang='lat' dir='ltr'>et</span> <span class='ocrx_word' id='word_1_919' title='bbox 1578 1975 1671 2000; x_wconf 83' lang='lat' dir='ltr'>agnos.</span> <span class='ocrx_word' id='word_1_920' title='bbox 1707 1971 1752 1993; x_wconf 89' lang='grc'>411</span> 
     </span>
     <span class='ocr_line' id='line_1_133' title="bbox 993 2002 1751 2036; baseline -0.001 -8"><span class='ocrx_word' id='word_1_921' title='bbox 993 2003 1128 2028; x_wconf 85' lang='lat' dir='ltr'>lactantes</span> <span class='ocrx_word' id='word_1_922' title='bbox 1207 2003 1281 2036; x_wconf 91' lang='lat' dir='ltr'>agni.</span> <span class='ocrx_word' id='word_1_923' title='bbox 1308 2010 1387 2029; x_wconf 86' lang='lat' dir='ltr'>mens.</span> <span class='ocrx_word' id='word_1_924' title='bbox 1398 2006 1429 2028; x_wconf 85' lang='lat'>24</span> <span class='ocrx_word' id='word_1_925' title='bbox 1448 2002 1497 2028; x_wconf 85' lang='lat' dir='ltr'>sub</span> <span class='ocrx_word' id='word_1_926' title='bbox 1511 2002 1644 2027; x_wconf 84' lang='lat' dir='ltr'>matribus</span> <span class='ocrx_word' id='word_1_927' title='bbox 1658 2010 1751 2035; x_wconf 81' lang='lat' dir='ltr'>agnos.</span> 
     </span>
    </p>
   </div>
   <div class='ocr_carea' id='block_1_10' title="bbox 959 2036 1753 2822">
    <p class='ocr_par' dir='ltr' id='par_1_38' title="bbox 959 2036 1753 2822">
     <span class='ocr_line' id='line_1_134' title="bbox 993 2036 1665 2071; baseline -0.003 -9"><span class='ocrx_word' id='word_1_928' title='bbox 993 2037 1063 2071; x_wconf 71' lang='lat' dir='ltr'>Euy.</span> <span class='ocrx_word' id='word_1_929' title='bbox 1084 2045 1105 2062; x_wconf 84' lang='lat' dir='ltr'>e.</span> <span class='ocrx_word' id='word_1_930' title='bbox 1124 2040 1162 2068; x_wconf 84' lang='lat'>10,</span> <span class='ocrx_word' id='word_1_931' title='bbox 1176 2041 1191 2062; x_wconf 91' lang='grc'>4</span> <span class='ocrx_word' id='word_1_932' title='bbox 1210 2046 1313 2071; x_wconf 89' lang='lat' dir='ltr'>agnum</span> <span class='ocrx_word' id='word_1_933' title='bbox 1392 2037 1503 2062; x_wconf 88' lang='lat' dir='ltr'>niveum</span> <span class='ocrx_word' id='word_1_934' title='bbox 1525 2036 1665 2061; x_wconf 68' lang='lat' dir='ltr'>Christum.</span> 
     </span>
     <span class='ocr_line' id='line_1_135' title="bbox 959 2069 1751 2104; baseline -0.004 -7"><span class='ocrx_word' id='word_1_935' title='bbox 959 2071 1034 2104; x_wconf 85' lang='lat' dir='ltr'>ago]</span> <span class='ocrx_word' id='word_1_936' title='bbox 1056 2071 1123 2097; x_wconf 86' lang='lat' dir='ltr'>Mer.</span> <span class='ocrx_word' id='word_1_937' title='bbox 1139 2079 1212 2104; x_wconf 70' lang='lat' dir='ltr'>pros</span> <span class='ocrx_word' id='word_1_938' title='bbox 1232 2076 1245 2097; x_wconf 90' lang='lat'>1</span> <span class='ocrx_word' id='word_1_939' title='bbox 1259 2073 1282 2096; x_wconf 90' lang='lat' dir='ltr'><strong><em>A</em></strong></span> <span class='ocrx_word' id='word_1_940' title='bbox 1296 2075 1312 2097; x_wconf 88' lang='lat'>3</span> <span class='ocrx_word' id='word_1_941' title='bbox 1330 2071 1423 2097; x_wconf 85' lang='lat' dir='ltr'>omnia</span> <span class='ocrx_word' id='word_1_942' title='bbox 1441 2071 1501 2104; x_wconf 86' lang='lat' dir='ltr'>agis</span> <span class='ocrx_word' id='word_1_943' title='bbox 1520 2072 1551 2096; x_wconf 89' lang='lat' dir='ltr'>ut</span> <span class='ocrx_word' id='word_1_944' title='bbox 1570 2070 1617 2103; x_wconf 86' lang='lat' dir='ltr'>qui</span> <span class='ocrx_word' id='word_1_945' title='bbox 1636 2070 1704 2095; x_wconf 79' lang='lat' dir='ltr'>scias</span> <span class='ocrx_word' id='word_1_946' title='bbox 1723 2069 1751 2095; x_wconf 87' lang='lat' dir='ltr'>in</span> 
     </span>
     <span class='ocr_line' id='line_1_136' title="bbox 993 2104 1753 2139; baseline -0.003 -8"><span class='ocrx_word' id='word_1_947' title='bbox 993 2105 1165 2139; x_wconf 86' lang='lat' dir='ltr'>conspeet(u)</span> <span class='ocrx_word' id='word_1_948' title='bbox 1181 2127 1186 2132; x_wconf 89' lang='lat'>.</span> <span class='ocrx_word' id='word_1_949' title='bbox 1197 2126 1202 2131; x_wconf 92' lang='lat'>.</span> <span class='ocrx_word' id='word_1_950' title='bbox 1214 2126 1220 2132; x_wconf 85' lang='lat'>.</span> <span class='ocrx_word' id='word_1_951' title='bbox 1234 2106 1355 2131; x_wconf 87' lang='lat' dir='ltr'>omnium</span> <span class='ocrx_word' id='word_1_952' title='bbox 1366 2114 1423 2132; x_wconf 86' lang='lat' dir='ltr'>esse</span> <span class='ocrx_word' id='word_1_953' title='bbox 1436 2105 1508 2138; x_wconf 88' lang='lat' dir='ltr'>quod</span> <span class='ocrx_word' id='word_1_954' title='bbox 1521 2104 1643 2138; x_wconf 87' lang='lat' dir='ltr'>gesseris.</span> <span class='ocrx_word' id='word_1_955' title='bbox 1675 2107 1690 2129; x_wconf 90' lang='grc'>2</span> <span class='ocrx_word' id='word_1_956' title='bbox 1700 2104 1723 2129; x_wconf 89' lang='grc' dir='ltr'><strong><em>Α</em></strong></span> <span class='ocrx_word' id='word_1_957' title='bbox 1736 2108 1753 2129; x_wconf 79' lang='grc'>8</span> 
     </span>
     <span class='ocr_line' id='line_1_137' title="bbox 993 2140 1753 2173; baseline -0.003 -8"><span class='ocrx_word' id='word_1_958' title='bbox 993 2140 1060 2165; x_wconf 83' lang='lat' dir='ltr'>haec</span> <span class='ocrx_word' id='word_1_959' title='bbox 1085 2140 1187 2173; x_wconf 83' lang='lat' dir='ltr'>agenti.</span> <span class='ocrx_word' id='word_1_960' title='bbox 1225 2140 1323 2165; x_wconf 84' lang='grc' dir='ltr'><em>2Β14</em></span> <span class='ocrx_word' id='word_1_961' title='bbox 1346 2140 1415 2166; x_wconf 84' lang='lat' dir='ltr'>haec</span> <span class='ocrx_word' id='word_1_962' title='bbox 1440 2148 1456 2164; x_wconf 87' lang='lat' dir='ltr'>a</span> <span class='ocrx_word' id='word_1_963' title='bbox 1482 2140 1510 2165; x_wconf 85' lang='lat' dir='ltr'>te</span> <span class='ocrx_word' id='word_1_964' title='bbox 1534 2140 1603 2164; x_wconf 86' lang='lat' dir='ltr'>acta.</span> <span class='ocrx_word' id='word_1_965' title='bbox 1635 2141 1704 2171; x_wconf 68' lang='lat' dir='ltr'>poet.</span> <span class='ocrx_word' id='word_1_966' title='bbox 1724 2142 1753 2163; x_wconf 74' lang='grc'>95</span> 
     </span>
     <span class='ocr_line' id='line_1_138' title="bbox 993 2172 1751 2208; baseline -0.003 -9"><span class='ocrx_word' id='word_1_967' title='bbox 993 2174 1115 2207; x_wconf 88' lang='lat' dir='ltr'>pondera</span> <span class='ocrx_word' id='word_1_968' title='bbox 1126 2182 1216 2200; x_wconf 89' lang='lat' dir='ltr'>rerum</span> <span class='ocrx_word' id='word_1_969' title='bbox 1231 2174 1296 2208; x_wconf 90' lang='lat' dir='ltr'>(non</span> <span class='ocrx_word' id='word_1_970' title='bbox 1311 2174 1411 2207; x_wconf 83' lang='lat' dir='ltr'>virt)us</span> <span class='ocrx_word' id='word_1_971' title='bbox 1422 2173 1469 2200; x_wconf 81' lang='lat' dir='ltr'>sed</span> <span class='ocrx_word' id='word_1_972' title='bbox 1479 2182 1556 2199; x_wconf 78' lang='lat' dir='ltr'>casus</span> <span class='ocrx_word' id='word_1_973' title='bbox 1570 2174 1644 2206; x_wconf 83' lang='lat' dir='ltr'>agat.</span> <span class='ocrx_word' id='word_1_974' title='bbox 1669 2172 1751 2197; x_wconf 70' lang='lat' dir='ltr'>Drrw.</span> 
     </span>
     <span class='ocr_line' id='line_1_139' title="bbox 993 2206 1751 2238; baseline -0.004 -4"><span class='ocrx_word' id='word_1_975' title='bbox 993 2213 1013 2238; x_wconf 85' lang='lat'>1,</span> <span class='ocrx_word' id='word_1_976' title='bbox 1027 2213 1069 2234; x_wconf 89' lang='lat'>151</span> <span class='ocrx_word' id='word_1_977' title='bbox 1087 2210 1188 2234; x_wconf 86' lang='lat' dir='ltr'>terram</span> <span class='ocrx_word' id='word_1_978' title='bbox 1208 2229 1213 2234; x_wconf 88' lang='lat'>.</span> <span class='ocrx_word' id='word_1_979' title='bbox 1230 2228 1252 2234; x_wconf 93' lang='lat'>..</span> <span class='ocrx_word' id='word_1_980' title='bbox 1272 2208 1305 2234; x_wconf 87' lang='lat' dir='ltr'>de</span> <span class='ocrx_word' id='word_1_981' title='bbox 1327 2208 1455 2234; x_wconf 87' lang='lat' dir='ltr'>fluctibus</span> <span class='ocrx_word' id='word_1_982' title='bbox 1472 2209 1562 2233; x_wconf 87' lang='lat' dir='ltr'>actam</span> <span class='ocrx_word' id='word_1_983' title='bbox 1581 2208 1598 2233; x_wconf 89' lang='lat' dir='ltr'>i.</span> <span class='ocrx_word' id='word_1_984' title='bbox 1614 2206 1751 2232; x_wconf 78' lang='lat' dir='ltr'>sublatam.</span> 
     </span>
     <span class='ocr_line' id='line_1_140' title="bbox 992 2241 1753 2276; baseline -0.004 -8"><span class='ocrx_word' id='word_1_985' title='bbox 992 2246 1039 2268; x_wconf 89' lang='grc'>218</span> <span class='ocrx_word' id='word_1_986' title='bbox 1057 2242 1169 2276; x_wconf 89' lang='lat' dir='ltr'>ignibus</span> <span class='ocrx_word' id='word_1_987' title='bbox 1189 2243 1247 2276; x_wconf 88' lang='lat' dir='ltr'>egit</span> <span class='ocrx_word' id='word_1_988' title='bbox 1259 2243 1347 2268; x_wconf 81' lang='lat' dir='ltr'>stellas</span> <span class='ocrx_word' id='word_1_989' title='bbox 1359 2242 1428 2268; x_wconf 81' lang='lat' dir='ltr'>deas.</span> <span class='ocrx_word' id='word_1_990' title='bbox 1452 2245 1502 2268; x_wconf 86' lang='lat'>296</span> <span class='ocrx_word' id='word_1_991' title='bbox 1520 2241 1580 2274; x_wconf 84' lang='lat' dir='ltr'>agit</span> <span class='ocrx_word' id='word_1_992' title='bbox 1658 2241 1753 2273; x_wconf 80' lang='lat' dir='ltr'>vipera</span> 
     </span>
     <span class='ocr_line' id='line_1_141' title="bbox 993 2275 1753 2313; baseline -0.003 -11"><span class='ocrx_word' id='word_1_993' title='bbox 993 2278 1101 2302; x_wconf 87' lang='lat' dir='ltr'>mortes.</span> <span class='ocrx_word' id='word_1_994' title='bbox 1141 2280 1188 2303; x_wconf 89' lang='lat'>536</span> <span class='ocrx_word' id='word_1_995' title='bbox 1212 2285 1266 2303; x_wconf 92' lang='lat' dir='ltr'>non</span> <span class='ocrx_word' id='word_1_996' title='bbox 1290 2277 1450 2310; x_wconf 85' lang='lat' dir='ltr'>purgandus</span> <span class='ocrx_word' id='word_1_997' title='bbox 1475 2276 1577 2309; x_wconf 81' lang='lat' dir='ltr'>agebat</span> <span class='ocrx_word' id='word_1_998' title='bbox 1597 2275 1633 2301; x_wconf 74' lang='lat' dir='ltr'>id.</span> <span class='ocrx_word' id='word_1_999' title='bbox 1650 2309 1654 2313; x_wconf 32' lang='grc' dir='ltr'>ι</span> <span class='ocrx_word' id='word_1_1000' title='bbox 1669 2278 1691 2306; x_wconf 89' lang='grc'>2,</span> <span class='ocrx_word' id='word_1_1001' title='bbox 1707 2278 1753 2300; x_wconf 87' lang='grc'>273</span> 
     </span>
     <span class='ocr_line' id='line_1_142' title="bbox 992 2310 1752 2345; baseline -0.003 -9"><span class='ocrx_word' id='word_1_1002' title='bbox 992 2311 1091 2344; x_wconf 87' lang='lat' dir='ltr'>anguis</span> <span class='ocrx_word' id='word_1_1003' title='bbox 1110 2311 1171 2344; x_wconf 85' lang='lat' dir='ltr'>agit</span> <span class='ocrx_word' id='word_1_1004' title='bbox 1188 2311 1300 2345; x_wconf 84' lang='lat' dir='ltr'>ignarus</span> <span class='ocrx_word' id='word_1_1005' title='bbox 1319 2319 1395 2344; x_wconf 76' lang='lat' dir='ltr'>opus,</span> <span class='ocrx_word' id='word_1_1006' title='bbox 1431 2313 1482 2336; x_wconf 88' lang='grc'>328</span> <span class='ocrx_word' id='word_1_1007' title='bbox 1505 2311 1592 2335; x_wconf 83' lang='lat' dir='ltr'>mater</span> <span class='ocrx_word' id='word_1_1008' title='bbox 1610 2310 1671 2343; x_wconf 80' lang='lat' dir='ltr'>agit</span> <span class='ocrx_word' id='word_1_1009' title='bbox 1689 2317 1752 2334; x_wconf 79' lang='lat' dir='ltr'>reni.</span> 
     </span>
     <span class='ocr_line' id='line_1_143' title="bbox 992 2344 1752 2379; baseline -0.004 -8"><span class='ocrx_word' id='word_1_1010' title='bbox 992 2348 1040 2371; x_wconf 86' lang='lat'>336</span> <span class='ocrx_word' id='word_1_1011' title='bbox 1058 2345 1219 2371; x_wconf 81' lang='lat' dir='ltr'>excantavit</span> <span class='ocrx_word' id='word_1_1012' title='bbox 1236 2353 1321 2379; x_wconf 83' lang='lat' dir='ltr'>agens</span> <span class='ocrx_word' id='word_1_1013' title='bbox 1340 2346 1462 2371; x_wconf 85' lang='lat' dir='ltr'>animam</span> <span class='ocrx_word' id='word_1_1014' title='bbox 1474 2344 1488 2359; x_wconf 56' lang='lat'>²⁸</span> <span class='ocrx_word' id='word_1_1015' title='bbox 1503 2352 1585 2377; x_wconf 77' lang='lat' dir='ltr'>maga</span> <span class='ocrx_word' id='word_1_1016' title='bbox 1597 2345 1677 2369; x_wconf 77' lang='lat' dir='ltr'>nocte</span> <span class='ocrx_word' id='word_1_1017' title='bbox 1691 2352 1752 2376; x_wconf 84' lang='lat' dir='ltr'>pro-</span> 
     </span>
     <span class='ocr_line' id='line_1_144' title="bbox 994 2378 1752 2413; baseline -0.003 -8"><span class='ocrx_word' id='word_1_1018' title='bbox 994 2380 1103 2413; x_wconf 85' lang='lat' dir='ltr'>phetae.</span> <span class='ocrx_word' id='word_1_1019' title='bbox 1142 2383 1189 2405; x_wconf 88' lang='grc'>691</span> <span class='ocrx_word' id='word_1_1020' title='bbox 1209 2380 1249 2405; x_wconf 84' lang='lat' dir='ltr'>bis</span> <span class='ocrx_word' id='word_1_1021' title='bbox 1268 2379 1360 2412; x_wconf 86' lang='lat' dir='ltr'>quinis</span> <span class='ocrx_word' id='word_1_1022' title='bbox 1385 2378 1523 2405; x_wconf 87' lang='lat' dir='ltr'>mensibus</span> <span class='ocrx_word' id='word_1_1023' title='bbox 1550 2378 1626 2403; x_wconf 75' lang='lat' dir='ltr'>actis.</span> <span class='ocrx_word' id='word_1_1024' title='bbox 1669 2380 1692 2407; x_wconf 83' lang='lat'>3,</span> <span class='ocrx_word' id='word_1_1025' title='bbox 1706 2380 1752 2403; x_wconf 85' lang='grc'>358</span> 
     </span>
     <span class='ocr_line' id='line_1_145' title="bbox 993 2412 1752 2447; baseline -0.003 -8"><span class='ocrx_word' id='word_1_1026' title='bbox 993 2414 1095 2439; x_wconf 85' lang='lat' dir='ltr'>solacia</span> <span class='ocrx_word' id='word_1_1027' title='bbox 1114 2414 1271 2447; x_wconf 86' lang='lat' dir='ltr'>planctibus</span> <span class='ocrx_word' id='word_1_1028' title='bbox 1290 2414 1355 2447; x_wconf 83' lang='lat' dir='ltr'>egit.</span> <span class='ocrx_word' id='word_1_1029' title='bbox 1393 2417 1439 2439; x_wconf 88' lang='grc'>612</span> <span class='ocrx_word' id='word_1_1030' title='bbox 1457 2414 1499 2438; x_wconf 88' lang='lat' dir='ltr'>tot</span> <span class='ocrx_word' id='word_1_1031' title='bbox 1521 2412 1645 2438; x_wconf 83' lang='lat' dir='ltr'>cladibus</span> <span class='ocrx_word' id='word_1_1032' title='bbox 1666 2413 1752 2437; x_wconf 79' lang='lat' dir='ltr'>actus.</span> 
     </span>
     <span class='ocr_line' id='line_1_146' title="bbox 995 2446 1751 2481; baseline -0.004 -8"><span class='ocrx_word' id='word_1_1033' title='bbox 995 2452 1039 2474; x_wconf 83' lang='lat'>754</span> <span class='ocrx_word' id='word_1_1034' title='bbox 1063 2450 1155 2481; x_wconf 88' lang='lat' dir='ltr'>grates</span> <span class='ocrx_word' id='word_1_1035' title='bbox 1244 2456 1333 2481; x_wconf 87' lang='lat' dir='ltr'>agam.</span> <span class='ocrx_word' id='word_1_1036' title='bbox 1377 2450 1425 2473; x_wconf 78' lang='lat' dir='ltr'>sat.</span> <span class='ocrx_word' id='word_1_1037' title='bbox 1444 2450 1490 2473; x_wconf 87' lang='lat'><strong><em>219</em></strong></span> <span class='ocrx_word' id='word_1_1038' title='bbox 1514 2446 1607 2472; x_wconf 88' lang='lat' dir='ltr'>omnia</span> <span class='ocrx_word' id='word_1_1039' title='bbox 1644 2447 1751 2478; x_wconf 81' lang='lat' dir='ltr'>tempus</span> 
     </span>
     <span class='ocr_line' id='line_1_147' title="bbox 993 2481 1751 2518; baseline -0.003 -11"><span class='ocrx_word' id='word_1_1040' title='bbox 993 2483 1061 2515; x_wconf 82' lang='lat' dir='ltr'>agit.</span> <span class='ocrx_word' id='word_1_1041' title='bbox 1097 2482 1153 2508; x_wconf 90' lang='lat' dir='ltr'>VII</span> <span class='ocrx_word' id='word_1_1042' title='bbox 1163 2486 1211 2508; x_wconf 89' lang='lat'>106</span> <span class='ocrx_word' id='word_1_1043' title='bbox 1223 2482 1365 2516; x_wconf 84' lang='lat' dir='ltr'>plausibus</span> <span class='ocrx_word' id='word_1_1044' title='bbox 1378 2483 1456 2507; x_wconf 87' lang='lat' dir='ltr'>actus</span> <span class='ocrx_word' id='word_1_1045' title='bbox 1469 2481 1591 2507; x_wconf 83' lang='lat' dir='ltr'>carmina</span> <span class='ocrx_word' id='word_1_1046' title='bbox 1604 2500 1609 2506; x_wconf 97' lang='lat'>.</span> <span class='ocrx_word' id='word_1_1047' title='bbox 1621 2500 1627 2506; x_wconf 94' lang='lat'>.</span> <span class='ocrx_word' id='word_1_1048' title='bbox 1641 2500 1646 2505; x_wconf 97' lang='lat'>.</span> <span class='ocrx_word' id='word_1_1049' title='bbox 1659 2481 1751 2518; x_wconf 79' lang='lat' dir='ltr'>feram.</span> 
     </span>
     <span class='ocr_line' id='line_1_148' title="bbox 997 2514 1752 2548; baseline -0.004 -6"><span class='ocrx_word' id='word_1_1050' title='bbox 997 2517 1041 2542; x_wconf 88' lang='lat' dir='ltr'>Or.</span> <span class='ocrx_word' id='word_1_1051' title='bbox 1057 2520 1089 2542; x_wconf 83' lang='lat'>98</span> <span class='ocrx_word' id='word_1_1052' title='bbox 1113 2517 1152 2542; x_wconf 88' lang='lat' dir='ltr'>nil</span> <span class='ocrx_word' id='word_1_1053' title='bbox 1175 2518 1266 2542; x_wconf 78' lang='lat' dir='ltr'>actum</span> <span class='ocrx_word' id='word_1_1054' title='bbox 1291 2516 1389 2542; x_wconf 89' lang='lat' dir='ltr'>Troiae</span> <span class='ocrx_word' id='word_1_1055' title='bbox 1408 2517 1462 2548; x_wconf 85' lang='lat' dir='ltr'>est,</span> <span class='ocrx_word' id='word_1_1056' title='bbox 1482 2515 1504 2541; x_wconf 87' lang='lat' dir='ltr'>si</span> <span class='ocrx_word' id='word_1_1057' title='bbox 1531 2524 1594 2540; x_wconf 91' lang='lat' dir='ltr'>non.</span> <span class='ocrx_word' id='word_1_1058' title='bbox 1637 2514 1752 2545; x_wconf 72' lang='grc'><em>1631110,</em></span> 
     </span>
     <span class='ocr_line' id='line_1_149' title="bbox 994 2548 1752 2586; baseline -0.004 -10"><span class='ocrx_word' id='word_1_1059' title='bbox 994 2551 1060 2583; x_wconf 86' lang='lat' dir='ltr'>quid</span> <span class='ocrx_word' id='word_1_1060' title='bbox 1088 2551 1124 2576; x_wconf 88' lang='lat' dir='ltr'>sit</span> <span class='ocrx_word' id='word_1_1061' title='bbox 1150 2551 1287 2583; x_wconf 78' lang='lat' dir='ltr'>agendum</span> <span class='ocrx_word' id='word_1_1062' title='bbox 1314 2551 1392 2583; x_wconf 86' lang='lat'><strong><em>(557).</em></strong></span> <span class='ocrx_word' id='word_1_1063' title='bbox 1432 2553 1479 2576; x_wconf 86' lang='grc'>272</span> <span class='ocrx_word' id='word_1_1064' title='bbox 1506 2551 1615 2575; x_wconf 79' lang='lat' dir='ltr'>centum</span> <span class='ocrx_word' id='word_1_1065' title='bbox 1643 2548 1752 2586; x_wconf 77' lang='lat' dir='ltr'>flatibus</span> 
     </span>
     <span class='ocr_line' id='line_1_150' title="bbox 993 2583 1752 2620; baseline -0.004 -10"><span class='ocrx_word' id='word_1_1066' title='bbox 993 2587 1056 2611; x_wconf 83' lang='lat' dir='ltr'>aeta</span> <span class='ocrx_word' id='word_1_1067' title='bbox 1069 2585 1202 2618; x_wconf 82' lang='lat' dir='ltr'>Delphica</span> <span class='ocrx_word' id='word_1_1068' title='bbox 1280 2585 1393 2610; x_wconf 84' lang='lat' dir='ltr'>cortina.</span> <span class='ocrx_word' id='word_1_1069' title='bbox 1420 2588 1467 2610; x_wconf 85' lang='grc'>865</span> <span class='ocrx_word' id='word_1_1070' title='bbox 1485 2584 1600 2610; x_wconf 83' lang='lat' dir='ltr'>ultorem</span> <span class='ocrx_word' id='word_1_1071' title='bbox 1619 2583 1752 2620; x_wconf 68' lang='lat' dir='ltr'>genitoris</span> 
     </span>
     <span class='ocr_line' id='line_1_151' title="bbox 993 2618 1753 2652; baseline -0.005 -7"><span class='ocrx_word' id='word_1_1072' title='bbox 993 2628 1078 2652; x_wconf 81' lang='lat' dir='ltr'>agens</span> <span class='ocrx_word' id='word_1_1073' title='bbox 1097 2619 1114 2645; x_wconf 94' lang='lat' dir='ltr'>i.</span> <span class='ocrx_word' id='word_1_1074' title='bbox 1129 2627 1154 2645; x_wconf 84' lang='lat' dir='ltr'>se</span> <span class='ocrx_word' id='word_1_1075' title='bbox 1167 2622 1317 2652; x_wconf 74' lang='lat' dir='ltr'>praestans.</span> <span class='ocrx_word' id='word_1_1076' title='bbox 1347 2623 1393 2645; x_wconf 87' lang='grc'>958</span> <span class='ocrx_word' id='word_1_1077' title='bbox 1406 2620 1497 2644; x_wconf 86' lang='lat' dir='ltr'>actum</span> <span class='ocrx_word' id='word_1_1078' title='bbox 1517 2619 1576 2643; x_wconf 86' lang='lat' dir='ltr'>erat</span> <span class='ocrx_word' id='word_1_1079' title='bbox 1593 2618 1609 2643; x_wconf 86' lang='lat' dir='ltr'>i.</span> <span class='ocrx_word' id='word_1_1080' title='bbox 1623 2619 1753 2642; x_wconf 69' lang='lat' dir='ltr'>sententia</span> 
     </span>
     <span class='ocr_line' id='line_1_152' title="bbox 995 2652 1751 2688; baseline -0.004 -9"><span class='ocrx_word' id='word_1_1081' title='bbox 995 2654 1050 2679; x_wconf 77' lang='lat' dir='ltr'>lata</span> <span class='ocrx_word' id='word_1_1082' title='bbox 1063 2656 1128 2679; x_wconf 77' lang='lat' dir='ltr'>erat.</span> <span class='ocrx_word' id='word_1_1083' title='bbox 1182 2657 1203 2685; x_wconf 84' lang='lat'>1,</span> <span class='ocrx_word' id='word_1_1084' title='bbox 1219 2657 1249 2679; x_wconf 87' lang='grc'>10</span> <span class='ocrx_word' id='word_1_1085' title='bbox 1265 2654 1316 2679; x_wconf 88' lang='lat' dir='ltr'>hoc</span> <span class='ocrx_word' id='word_1_1086' title='bbox 1329 2653 1390 2686; x_wconf 85' lang='lat' dir='ltr'>agit</span> <span class='ocrx_word' id='word_1_1087' title='bbox 1408 2655 1436 2678; x_wconf 90' lang='lat' dir='ltr'>et</span> <span class='ocrx_word' id='word_1_1088' title='bbox 1447 2652 1511 2684; x_wconf 93' lang='lat' dir='ltr'>(IX</span> <span class='ocrx_word' id='word_1_1089' title='bbox 1523 2656 1557 2677; x_wconf 88' lang='lat'>59</span> <span class='ocrx_word' id='word_1_1090' title='bbox 1569 2653 1602 2683; x_wconf 78' lang='lat' dir='ltr'>ef.</span> <span class='ocrx_word' id='word_1_1091' title='bbox 1618 2654 1641 2676; x_wconf 76' lang='lat' dir='ltr'>et</span> <span class='ocrx_word' id='word_1_1092' title='bbox 1652 2654 1675 2682; x_wconf 81' lang='lat'>3,</span> <span class='ocrx_word' id='word_1_1093' title='bbox 1690 2652 1751 2688; x_wconf 73' lang='grc'><em>119),</em></span> 
     </span>
     <span class='ocr_line' id='line_1_153' title="bbox 1028 2686 1752 2720; baseline -0.006 -7"><span class='ocrx_word' id='word_1_1094' title='bbox 1028 2687 1207 2713; x_wconf 71' lang='lat' dir='ltr'>intransitive:</span> <span class='ocrx_word' id='word_1_1095' title='bbox 1231 2692 1252 2720; x_wconf 89' lang='lat'>1,</span> <span class='ocrx_word' id='word_1_1096' title='bbox 1269 2691 1301 2713; x_wconf 89' lang='lat'>95</span> <span class='ocrx_word' id='word_1_1097' title='bbox 1320 2688 1349 2713; x_wconf 88' lang='lat' dir='ltr'>ni</span> <span class='ocrx_word' id='word_1_1098' title='bbox 1372 2687 1470 2712; x_wconf 88' lang='lat' dir='ltr'>vitium</span> <span class='ocrx_word' id='word_1_1099' title='bbox 1498 2686 1587 2718; x_wconf 76' lang='lat' dir='ltr'>(subi.)</span> <span class='ocrx_word' id='word_1_1100' title='bbox 1615 2686 1752 2718; x_wconf 81' lang='lat' dir='ltr'>peccantis</span> 
     </span>
     <span class='ocr_line' id='line_1_154' title="bbox 994 2720 1685 2755; baseline -0.004 -8"><span class='ocrx_word' id='word_1_1101' title='bbox 994 2724 1061 2755; x_wconf 83' lang='lat' dir='ltr'>agat</span> <span class='ocrx_word' id='word_1_1102' title='bbox 1088 2722 1235 2755; x_wconf 85' lang='lat' dir='ltr'>perstando</span> <span class='ocrx_word' id='word_1_1103' title='bbox 1262 2722 1391 2754; x_wconf 85' lang='lat' dir='ltr'>maligne.</span> <span class='ocrx_word' id='word_1_1104' title='bbox 1438 2725 1461 2752; x_wconf 90' lang='grc'>2,</span> <span class='ocrx_word' id='word_1_1105' title='bbox 1481 2724 1529 2746; x_wconf 89' lang='grc'>703</span> <span class='ocrx_word' id='word_1_1106' title='bbox 1552 2720 1611 2751; x_wconf 78' lang='lat' dir='ltr'>agis</span> <span class='ocrx_word' id='word_1_1107' title='bbox 1631 2728 1685 2745; x_wconf 87' lang='lat' dir='ltr'>non</span> 
     </span>
     <span class='ocr_line' id='line_1_155' title="bbox 995 2755 1752 2792; baseline -0.004 -11"><span class='ocrx_word' id='word_1_1108' title='bbox 995 2765 1110 2782; x_wconf 87' lang='lat' dir='ltr'>severus.</span> <span class='ocrx_word' id='word_1_1109' title='bbox 1147 2759 1169 2788; x_wconf 88' lang='grc'>3,</span> <span class='ocrx_word' id='word_1_1110' title='bbox 1183 2760 1231 2782; x_wconf 85' lang='grc'>428</span> <span class='ocrx_word' id='word_1_1111' title='bbox 1249 2756 1303 2781; x_wconf 84' lang='lat' dir='ltr'>iarn</span> <span class='ocrx_word' id='word_1_1112' title='bbox 1324 2756 1393 2781; x_wconf 87' lang='lat' dir='ltr'>liber</span> <span class='ocrx_word' id='word_1_1113' title='bbox 1411 2755 1519 2788; x_wconf 82' lang='lat' dir='ltr'>agebat.</span> <span class='ocrx_word' id='word_1_1114' title='bbox 1551 2756 1600 2780; x_wconf 76' lang='lat' dir='ltr'>sat.</span> <span class='ocrx_word' id='word_1_1115' title='bbox 1613 2758 1628 2779; x_wconf 88' lang='lat'><strong><em>6</em></strong></span> <span class='ocrx_word' id='word_1_1116' title='bbox 1646 2762 1752 2792; x_wconf 72' lang='lat' dir='ltr'>nescius</span> 
     </span>
     <span class='ocr_line' id='line_1_156' title="bbox 995 2789 1752 2822; baseline -0.003 -6"><span class='ocrx_word' id='word_1_1117' title='bbox 995 2790 1096 2816; x_wconf 84' lang='lat' dir='ltr'>alterni</span> <span class='ocrx_word' id='word_1_1118' title='bbox 1125 2799 1174 2817; x_wconf 86' lang='lat' dir='ltr'>nec</span> <span class='ocrx_word' id='word_1_1119' title='bbox 1206 2790 1265 2817; x_wconf 89' lang='lat' dir='ltr'>vice</span> <span class='ocrx_word' id='word_1_1120' title='bbox 1295 2791 1405 2816; x_wconf 79' lang='lat' dir='ltr'>functus</span> <span class='ocrx_word' id='word_1_1121' title='bbox 1435 2789 1502 2822; x_wconf 79' lang='lat' dir='ltr'>agis.</span> <span class='ocrx_word' id='word_1_1122' title='bbox 1550 2792 1599 2815; x_wconf 87' lang='grc'>127</span> <span class='ocrx_word' id='word_1_1123' title='bbox 1627 2790 1752 2822; x_wconf 78' lang='lat' dir='ltr'>captlvus</span> 
     </span>
    </p>
   </div>
   <div class='ocr_carea' id='block_1_11' title="bbox 1494 2841 1543 2866">
    <p class='ocr_par' dir='ltr' id='par_1_39' title="bbox 1494 2841 1543 2866">
     <span class='ocr_line' id='line_1_157' title="bbox 1494 2841 1543 2866; baseline 0 0"><span class='ocrx_word' id='word_1_1124' title='bbox 1494 2841 1543 2866; x_wconf 82' lang='lat'>40*</span> 
     </span>
    </p>
   </div>
  </div>
 </body>
</html>
