2106 3061
662 175 828 202 OARMINA
849 177 966 204 XXXIII
976 194 1003 197 -
1012 180 1126 206 XXXVI

75 313 127 356 (9)
464 315 628 352 XXXIV.
672 316 730 351 DE
757 318 898 353 VLMIS
926 319 986 354 ET
1014 319 1315 359 PASSERIBVS.

466 380 515 411 En
541 392 598 422 per
622 382 825 414 frondisonas
850 384 979 415 herbosi
1004 387 1154 428 caespitis
1179 388 1282 419 ulmos

510 436 668 464 concentu
693 434 812 475 pariles
837 435 929 466 dulce
955 441 1132 477 queruntur
1155 450 1247 470 aves:

466 484 517 515 hic
541 484 628 515 fessa
651 485 765 526 gelidis
789 486 953 518 tradamus
978 499 1112 530 corpora
1136 490 1242 522 flabris

507 540 692 577 promentes
717 537 824 568 verbis
849 539 989 570 carmina
1012 539 1182 573 dulcifluis.

72 680 151 725 (10)
468 684 616 721 XXXV.
658 685 717 721 DE
744 686 923 731 IVRGIO,
953 688 1080 732 QVOD
1109 689 1309 727 ACCIDIT.

464 751 537 782 Non
563 763 690 792 sensus,
714 753 826 792 lector,
852 765 982 796 quaese,
1007 766 1071 786 non
1095 756 1193 787 verba
1217 758 1369 799 requiras,

508 804 650 835 scribere
675 815 748 836 nam
773 816 885 836 versus
910 807 1022 848 inpulit
1047 818 1123 839 ecce
1149 808 1247 840 dolor.

465 854 605 895 Christe,
631 857 703 888 fove
727 858 836 899 segnis
861 859 1023 900 torpentia
1047 860 1188 891 carmina
1210 860 1349 902 linguae,

506 910 541 938 ut
564 908 683 949 possim
708 913 842 950 questus
867 910 936 951 ipse
960 911 1081 942 referre
1104 922 1205 944 meos.

411 967 427 994 5
464 960 506 991 da
528 963 637 1001 guttas
662 961 774 1001 oculis,
799 972 909 1003 posco,
933 962 975 993 da
998 963 1099 994 verba
1122 964 1286 1005 querellis,

507 1022 581 1043 nain
606 1012 682 1043 flere
707 1013 847 1054 requies,
870 1013 989 1055 gaudia
1013 1025 1120 1056 poena
1145 1015 1233 1047 mihi.

463 1064 589 1095 iunctus
615 1075 702 1095 eram
727 1065 861 1096 nimium
885 1064 1002 1097 dilecto
1026 1070 1135 1098 mente
1160 1067 1274 1106 sodali,

509 1117 599 1147 cuius
624 1116 664 1147 ab
689 1117 808 1148 affectu
835 1117 976 1148 carmina
1000 1122 1127 1150 maesta
1151 1122 1277 1150 canunt.

463 1178 526 1199 non
550 1168 594 1199 sic
618 1167 795 1210 Euryalum
820 1168 918 1200 Nisus
944 1169 1058 1201 dilexit
1081 1174 1233 1209 amatum,

400 1228 431 1255 10
511 1219 663 1251 nectebat
685 1223 722 1251 ut
744 1230 804 1252 nos
827 1231 891 1263 pax
914 1221 946 1252 in
971 1232 1078 1253 amore
1104 1222 1195 1254 deus.

464 1271 640 1303 concordes
665 1272 789 1303 animos
814 1273 940 1304 solvens
964 1272 1123 1305 discordia
1147 1274 1268 1316 carpsit

507 1327 540 1355 et
564 1324 659 1355 cessit
683 1324 771 1355 duris
796 1335 861 1366 pax
884 1327 1017 1356 tenuata
1040 1325 1130 1357 dolis.

462 1378 498 1406 ut
521 1378 628 1406 turtur
651 1376 738 1407 solus
763 1387 917 1418 percusso
942 1387 1079 1418 conpare
1103 1378 1220 1419 plango

507 1430 539 1458 et
563 1428 681 1458 frustra
705 1428 854 1459 lacrimas
878 1438 979 1469 penso
1002 1429 1108 1470 perire
1133 1440 1232 1461 meas.

396 1486 427 1512 15
465 1478 566 1517 labor,
591 1479 620 1509 io
646 1479 721 1517 cari,
746 1479 848 1518 labor,
873 1480 1048 1511 succurrite
1073 1480 1172 1519 fratri,

506 1530 660 1572 praebete
686 1531 773 1562 socio
797 1542 869 1562 cum
894 1532 1015 1573 pietate
1041 1543 1180 1563 manum.

463 1582 559 1623 pelle,
585 1593 708 1624 precor,
734 1583 862 1624 penitus
886 1583 1064 1625 pungentia
1087 1584 1201 1625 iurgia,
1226 1584 1364 1622 Christe,

505 1637 541 1664 ut
565 1634 685 1676 possim
709 1634 809 1665 sacris
834 1634 939 1666 laetus
964 1634 1077 1666 adesse
1101 1636 1174 1667 tuis.

68 1774 211 1819 (XVIII)
504 1783 667 1819 XXXVI.
710 1783 847 1819 PACIS
875 1783 1280 1821 REDINTEGRATIO.

460 1849 588 1881 Gaudia
612 1850 820 1892 praepetibus
844 1853 1038 1882 concurrunt
1061 1850 1203 1892 undique
1228 1851 1311 1882 votis

503 1905 536 1933 ct
559 1903 659 1943 gestit
682 1903 825 1933 animum
849 1912 913 1944 pax
937 1912 1086 1934 recreare
1110 1913 1228 1935 meum.

461 1954 628 1985 vivescunt
652 1965 767 1986 sensus
792 1954 876 1986 bello
900 1955 1021 1996 liteque
1045 1955 1185 1997 repressi

504 2009 537 2037 et
562 2007 649 2038 venit
673 2006 713 2037 ad
738 2007 876 2048 primum
900 2017 991 2038 niens
1016 2007 1160 2038 lacerata
1184 2006 1323 2038 modum.

408 2066 424 2092 5
463 2058 578 2089 crescit
601 2069 710 2089 amore
736 2059 840 2089 salus:
864 2058 985 2100 procul,
1011 2069 1039 2097 0,
1064 2059 1175 2100 procul
1199 2062 1266 2090 este
1292 2059 1428 2098 dolorm,

505 2120 579 2141 nam
603 2110 695 2141 iussit
719 2111 849 2151 refugos
873 2111 937 2141 iam
962 2110 1105 2141 stabilire
1130 2110 1219 2142 deus.

461 2164 494 2192 at
517 2165 561 2200 tu,
587 2172 740 2203 perverse
765 2161 902 2193 daemon
927 2164 959 2192 et
983 2161 1116 2203 pestifer
1139 2162 1265 2202 anguis,

504 2213 548 2244 nil
573 2213 727 2255 prodesse
752 2213 809 2244 tibi
834 2224 927 2251 nunc,
952 2213 1104 2254 periture,
1128 2212 1210 2244 dole.

464 2275 526 2296 non
551 2268 607 2295 tua
629 2264 751 2306 praeda
776 2275 896 2304 sumus,
920 2264 1065 2306 quamvis
1090 2265 1143 2306 pia
1166 2268 1297 2306 pectora
1323 2265 1402 2295 rixis

393 2326 424 2352 10
504 2317 659 2359 punxeris
684 2316 723 2347 ad
747 2316 919 2356 modicum⁷
943 2327 1007 2347 non
1032 2319 1087 2347 tua
1110 2316 1231 2358 praeda
1255 2327 1375 2348 sumus.

462 2370 507 2401 sic
532 2380 660 2411 semper
684 2369 804 2410 rapidis
829 2379 986 2400 vanescas
1011 2368 1140 2399 tabidus
1164 2368 1251 2399 auris

503 2424 535 2451 et
558 2432 618 2452 nos
642 2421 673 2451 in
699 2420 826 2451 Christo
851 2420 896 2451 sic
920 2422 1050 2451 tueatur
1072 2430 1173 2450 amor.

172 2507 239 2540 [XX
250 2507 327 2540 XIV]
364 2508 394 2532 M
400 2512 413 2525 ³·

174 2559 306 2593 [XXXV]
344 2560 394 2584 Ma
436 2560 452 2585 3
475 2561 560 2592 segnis
590 2564 614 2585 et
641 2560 673 2583 M
774 2558 788 2583 7
815 2560 926 2583 Hinctus
957 2559 995 2588 (ίιι,
1018 2567 1099 2591 mary.
1129 2559 1246 2590 Iunctus)
1270 2559 1303 2582 M
1385 2559 1477 2583 dilecta
1502 2559 1535 2582 Μ

78 2603 194 2628 affectum
214 2604 250 2630 M,
270 2605 301 2628 ob
320 2604 439 2629 affectum
459 2604 614 2628 Lorenzana
704 2602 734 2628 10
753 2612 811 2627 cave
830 2603 926 2627 scribas
944 2603 991 2633 dei,
1012 2604 1045 2634 cf.
1059 2605 1082 2632 4,
1096 2605 1124 2626 11
1213 2601 1244 2626 15
1263 2603 1341 2626 iocari
1360 2602 1417 2626 edd.

172 2654 325 2687 [XXXVI]
363 2655 464 2679 JJaFP
549 2654 565 2679 3
584 2655 703 2687 repressis
722 2655 747 2679 P
831 2653 847 2678 4
866 2655 897 2679 Et
915 2655 979 2678 redit
999 2654 1047 2677 FP
1063 2654 1119 2678 edd.
1216 2652 1228 2677 7
1248 2654 1286 2678 Ad
1307 2658 1334 2678 tu
1353 2653 1390 2683 M,
1408 2654 1474 2678 Actu
1493 2654 1530 2677 F¹

74 2697 149 2728 prode
167 2702 205 2722 est
223 2698 282 2722 stibi
301 2698 333 2722 ,ll
401 2699 513 2730 peritura
531 2698 578 2728 (F)
596 2698 654 2722 edd.
742 2697 757 2722 9
776 2698 836 2722 tuad
858 2697 890 2720 Π
980 2696 1007 2720 11
1029 2697 1132 2729 rapidus
1152 2697 1182 2720 M

173 2791 325 2826 [xxxvl]
363 2792 379 2817 5
401 2791 478 2825 Very.
491 2791 558 2817 Aen.
571 2794 593 2824 6,
607 2795 654 2818 258
672 2791 767 2825 procul
788 2800 803 2818 ο
823 2791 919 2824 procul
939 2793 996 2817 este
1016 2791 1124 2824 profani

1649 188 1710 218 255

1637 2558 1712 2583 8ab

1613 2654 1630 2677 ὅ
1648 2653 1713 2678 Nicil
