2106 3061
751 159 926 187 ROMVLEA
945 162 979 187 II.
1000 163 1037 187 ΙΙΙ
1655 168 1711 198 137

467 257 525 278 nos
548 246 751 288 Hyacinthus
775 250 870 285 amat,
895 251 1004 279 noster
1026 248 1197 280 Narcissus
1222 250 1384 282 alumnus:

467 299 642 340 fontigenis
667 297 722 329 dat
747 301 834 329 serta
858 299 955 330 comis
981 299 1171 341 redimitque
1197 302 1329 343 capillos

467 349 621 392 quidquid
645 350 730 380 floris
755 350 830 389 olet,
855 350 1008 391 quidquid
1033 351 1109 381 dant
1132 355 1225 393 prata
1248 353 1412 394 ru<b0ris.>

466 405 502 433 tu
523 404 632 432 noster
655 401 718 432 iam
744 411 882 442 sponsus
908 402 970 432 eris
996 403 1063 433 sine
1087 403 1150 434 fine
1175 403 1322 435 dierum.²

387 462 435 489 140
470 453 520 485 his
545 453 637 484 dictis
662 455 803 484 mentem
828 453 919 494 pueri
943 453 1106 484 mulcebat
1130 455 1243 486 amica.

552 505 677 536 interea
699 504 889 536 furibundus
913 505 1018 535 adhuc
1043 505 1229 546 Tirynthius
1254 507 1321 538 ibat

466 560 498 587 et
521 557 661 587 clamans
686 556 865 598 quaerebat
888 556 1013 598 Hylam
1039 557 1090 588 cui
1114 558 1192 588 litus
1216 561 1247 589 et
1271 559 1356 589 unda

466 608 629 639 Herculea
654 619 725 639 cum
749 619 826 639 voce
851 612 965 639 sonant
989 611 1020 639 et
1043 619 1159 640 nomen
1184 611 1283 641 amati

464 663 589 691 montes
614 661 694 691 silva
716 664 846 697 vocant;
871 664 994 691 tantum
1019 661 1089 691 fons
1114 661 1167 692 ille
1192 662 1332 700 tacebat⁷

383 722 431 748 145
467 714 498 744 in
522 723 584 754 quo
609 716 719 754 raptus
744 713 858 754 Hylas.
905 723 977 743 cum
1002 713 1065 744 iam
1089 717 1249 745 remearet
1273 714 1312 744 ad
1331 715 1439 755 (astra)

467 768 543 807 post
567 765 686 795 factum
710 764 862 806 pinnatus
887 764 989 795 Amor
1012 765 1169 806 matrique
1193 766 1388 807 triumphum

467 817 652 859 adportaret
677 827 786 855 ovans,
811 827 923 847 vocem
949 816 1028 847 deus
1053 816 1204 848 Herculis
1229 818 1336 848 hausit

467 872 499 900 et
522 868 663 910 gemitus
688 868 873 909 quaerentis
898 867 1024 909 Hylan;
1049 868 1100 899 cui
1125 871 1218 909 gesta
1241 869 1369 907 fatetur,

465 920 590 952 Alcidis
615 920 765 951 comitem
789 919 886 950 fontis
910 920 1058 961 rapuisse
1082 920 1218 961 puellas,

379 981 428 1008 150
465 972 593 1014 ignibus
616 971 727 1003 Idaliis
751 974 884 1003 exustas
908 971 1088 1002 Herculeas
1114 982 1202 1013 speS.

465 1024 606 1065 obriguit
629 1023 814 1065 gemuitque
840 1023 934 1054 simul
959 1023 1148 1064 clavamque
1173 1023 1314 1054 remisit:

465 1075 492 1107 ‘o
516 1076 635 1107 frustra
658 1075 779 1106 nutrite
804 1085 893 1116 puer,
918 1078 1082 1117 spectator
1105 1075 1224 1116 ubique

466 1128 593 1159 virtutis
617 1138 676 1169 per
698 1130 813 1158 cuncta
836 1138 928 1158 meae
953 1128 998 1168 (te
1023 1130 1108 1158 teste
1133 1127 1253 1169 pericla

467 1190 564 1222 saepe
589 1180 656 1218 tuli,
682 1190 753 1210 cum
777 1180 880 1210 victus
905 1189 992 1221 aper,
1017 1189 1089 1210 cum
1113 1179 1215 1209 fracta
1238 1178 1340 1209 leonis

383 1240 430 1267 155
468 1232 550 1263 colla
575 1231 728 1263 Cleonaei
752 1231 816 1262 telo
841 1234 995 1272 parcente
1020 1234 1187 1269 necantur,

468 1294 539 1314 cum
564 1283 659 1314 simul
683 1283 847 1313 Antaeum
871 1283 961 1324 rapui
985 1282 1123 1313 Telluris
1148 1281 1340 1321 alumnum):

469 1336 539 1377 quis
564 1335 641 1366 mihi
665 1334 814 1365 sudorem
838 1334 923 1365 lasso
946 1337 1021 1375 post
1044 1334 1166 1375 proelia
1190 1336 1318 1375 terget?

468 1387 538 1428 quis
563 1397 671 1418 comes
695 1387 778 1417 alter
801 1387 870 1423 erit,
896 1396 966 1417 eum
991 1385 1046 1416 dat
1069 1385 1139 1416 fera
1162 1385 1250 1416 bella
1274 1387 1431 1416 noverca?

467 1438 542 1480 quid
566 1439 660 1469 matri
685 1437 821 1469 narrabo
846 1441 931 1477 tuae,
957 1448 1038 1478 quae
1063 1440 1095 1467 te
1121 1437 1197 1467 mihi
1221 1447 1355 1478 parvum

381 1499 430 1525 160
467 1490 616 1532 deposuit
640 1490 769 1532 pietatis
794 1490 906 1531 inops?
932 1499 1013 1530 quac
1037 1489 1174 1530 pignora
1198 1487 1341 1526 reddam,

467 1553 539 1573 cum
563 1544 740 1572 conventus
764 1544 836 1572 ero?
862 1541 966 1572 dicam
990 1544 1099 1571 tamen
1123 1540 1190 1581 ipse
1215 1540 1356 1581 parenti:

464 1592 607 1633 “exulta,
631 1593 791 1635 genetrix,
816 1593 949 1623 nimium
974 1592 1108 1630 laetare,
1134 1592 1231 1622 beata

465 1648 540 1676 ante
564 1655 681 1687 parens
706 1645 854 1683 hominis7
878 1644 1004 1685 pulchri
1029 1643 1121 1674 modo
1140 1643 1278 1674 numinis
1296 1642 1456 1674 auct01·'³³.

654 1718 753 1749 EXP.
778 1717 957 1749 FABVLA
982 1716 1146 1748 HYLAE.

862 1812 922 1844 ΙΙΙ.

122 1868 289 1900 INCIPIT
314 1868 571 1901 PRAEFATIO
597 1869 657 1900 AD
681 1868 962 1900 FELICIANVM
987 1867 1336 1905 GRAMMATIOVM,
1361 1865 1492 1896 OVIVS
1519 1863 1663 1895 SVPRA

486 1925 534 1956 IN
560 1925 821 1963 AVDITORIO,
848 1924 941 1956 CVM
965 1922 1297 1955 ADLOOVTIONE.

464 1986 639 2017 Fructibus
665 1989 742 2027 apta
766 1985 895 2026 quidem
920 1985 1042 2015 cunctis
1067 1986 1117 2015 est
1141 1987 1227 2014 terra
1251 1982 1379 2019 creatis,

463 2038 558 2069 altius
583 2037 755 2068 intendens
780 2037 835 2067 sed
861 2047 974 2067 causas
998 2036 1147 2078 perspice
1171 2038 1280 2076 partus

464 2093 495 2120 et
519 2093 621 2120 totum
647 2099 805 2130 cognosce
830 2089 904 2130 poli.
950 2099 1024 2119 nam
1047 2098 1119 2119 rore
1144 2087 1273 2117 maritat

463 2152 540 2172 arva
564 2152 621 2172 suo
645 2141 697 2172 vel
722 2141 788 2171 sole
811 2140 899 2171 fovet
922 2140 974 2171 vel
998 2142 1158 2181 temperat
1182 2141 1290 2169 aestus

411 2202 427 2227 5
464 2193 628 2224 alternans
653 2193 815 2224 elementa
839 2195 963 2234 potens
988 2195 1022 2222 ut
1045 2191 1160 2222 reddat
1183 2194 1215 2221 et
1238 2190 1369 2220 umbras

462 2245 624 2276 montibus
649 2245 792 2276 arboreis
817 2247 849 2275 et
874 2245 994 2275 culmos
1019 2246 1122 2274 armet
1146 2242 1264 2281 aristis,

176 2329 206 2356 Π
227 2330 275 2356 136
288 2331 407 2356 alumnus
420 2332 547 2363 Biihrens,
560 2333 591 2357 ab
606 2333 680 2357 undis
692 2332 723 2356 N
790 2330 838 2356 137
852 2332 993 2363 redigitque
1007 2330 1039 2360 N,
1058 2339 1124 2355 corr.
1136 2330 1216 2353 Dulm
1287 2328 1336 2353 138
1389 2326 1517 2358 Quidquid
1531 2325 1599 2349 floris
1613 2325 1676 2348 solet
1688 2324 1715 2347 N

105 2382 135 2398 ru
160 2374 192 2405 N,
221 2375 286 2406 ezpl.
304 2375 431 2400 Bittclzeler
531 2374 580 2399 140
603 2376 692 2400 amicis
711 2375 830 2400 Billzrens
919 2374 967 2400 145
986 2377 1055 2399 astra
1074 2383 1120 2397 om,
1138 2373 1171 2401 N,
1191 2381 1246 2397 cum
1265 2373 1335 2404 siquo
1391 2375 1448 2394 ante
1474 2377 1584 2396 ver-§mus
1611 2367 1711 2391 addidit

71 2415 157 2446 Dalm,
178 2425 255 2441 auras
268 2417 392 2450 Rossbery
464 2418 513 2444 150
532 2419 605 2443 Idalii
618 2422 721 2444 rexutas
735 2418 767 2449 N,
787 2427 853 2443 corr.
869 2418 968 2449 Wnyler
987 2416 1088 2448 (exutas
1103 2415 1192 2446 Dalm)
1265 2414 1312 2439 151
1332 2415 1485 2445 clauumque
1499 2412 1528 2436 N
1595 2409 1645 2434 lb‘O
1655 2414 1711 2441 pusi

70 2459 187 2491 deposuit
204 2460 318 2484 distinxit
334 2460 415 2485 Dalm

173 2505 219 2531 III
241 2506 253 2531 1
273 2508 381 2533 creatrix
399 2508 533 2540 Baclzeler,
559 2510 674 2534 creandis
697 2509 817 2533 Beilzrmis
904 2509 920 2533 2
940 2512 1024 2540 partas
1043 2508 1076 2537 N,
1096 2516 1162 2531 corr.
1182 2506 1262 2530 Dalm
1349 2505 1364 2529 3
1388 2512 1512 2536 cognosce
1532 2516 1537 2521 ·
1558 2503 1630 2534 polus
1654 2510 1709 2525 num

71 2548 197 2581 Biilzrens,
217 2552 296 2576 fotum
316 2560 336 2576 c.
351 2552 402 2583 poli
420 2552 545 2585 Rossberg]
614 2552 630 2577 4
649 2556 761 2585 tempera
780 2553 888 2577 haustus
906 2552 939 2581 N,
959 2560 1025 2576 corr.
1040 2551 1120 2575 Dalm
1189 2549 1205 2574 6
1224 2550 1344 2574 arboreas
1363 2548 1488 2572 Bz'iclzclcr

174 2626 202 2651 11
232 2627 280 2654 140
297 2626 362 2653 Stat.
386 2627 462 2654 Theb.
479 2632 502 2661 3,
521 2632 567 2654 ’294
585 2628 722 2662 dictisque
742 2628 782 2655 ita
801 2628 904 2654 mulcet
927 2627 1023 2654 amicis
1042 2627 1115 2659 (Aeli.
1136 2631 1156 2658 1,
1177 2630 1213 2658 79,
1230 2625 1345 2657 cf.Vcry.
1360 2624 1427 2649 Aen.
1443 2626 1467 2655 8,
1483 2625 1527 2647 126
1552 2621 1618 2646 Stat.
1636 2619 1709 2645 Theb.

71 2680 92 2710 1,
107 2681 162 2704 478.
181 2681 204 2710 3,
219 2680 276 2711 178)
372 2680 419 2706 145
439 2680 520 2706 Drac.
537 2683 559 2713 -2,
575 2685 626 2706 547
642 2682 673 2707 ut
692 2680 747 2707 iam
767 2681 901 2707 remearet
920 2680 954 2706 ad
974 2688 1055 2705 auras
1074 2679 1217 2705 aethereas
1306 2676 1354 2702 159
1373 2675 1406 2706 cf.
1420 2674 1475 2700 Val.
1490 2674 1536 2699 FI.
1550 2676 1572 2704 3,
1589 2676 1632 2698 734

173 2734 221 2760 111
239 2734 255 2760 3
270 2734 366 2762 Claud.
379 2738 417 2768 35,
430 2740 465 2763 89
477 2736 593 2771 glaebas
605 2736 723 2764 fecundo
734 2746 793 2763 rore
806 2736 921 2762 maritat
990 2737 1007 2762 4
1020 2736 1104 2761 Drac.
1116 2739 1136 2768 1,
1153 2737 1202 2760 590
1215 2733 1354 2766 temperat
1367 2731 1459 2757 aestus
1529 2730 1544 2754 G
1558 2726 1708 2753 NCWCSWH·

70 2792 127 2818 eyn.
142 2788 190 2811 :292
216 2786 375 2820 culmusque
398 2788 513 2815 armarit
532 2788 639 2815 aristas.
676 2789 732 2815 vide
749 2788 803 2814 ind.
821 2789 869 2814 sub
887 2797 962 2815 armo

173 2840 333 2865 Semnones
352 2841 539 2871 Annemssum
557 2842 617 2866 XIV
630 2841 650 2867 l.
1472 2834 1504 2860 13
