2106 3061
352 140 394 169 20
500 134 542 160 FL
563 150 569 158 .
590 131 823 159 MEROBAVDIS
859 130 905 157 DE
924 129 1080 156 CHRISTO
1123 127 1378 156 PANEGYRlcvS
1398 127 1437 154 IN
1458 127 1468 153 1
1487 126 1586 153 AE'ru
1607 124 1855 153 CONSVLATVM

686 231 710 250 us
755 218 787 249 in
811 218 937 249 caelum
961 221 1150 259 patremque
1175 215 1261 247 redis
1286 223 1459 256 rursusque
1483 212 1620 256 perenni

749 269 860 300 ordine
885 269 1029 311 purgatis
1054 268 1170 299 adimis
1194 267 1345 308 contagia
1368 266 1479 299 terris:

751 326 786 351 tu
810 321 897 352 solus
922 320 1088 362 patrisque
1113 329 1232 355 comcs,
1257 322 1291 348 tu
1315 318 1447 359 spiritus
1472 317 1581 347 insons

751 376 782 403 et
806 373 903 403 toties
928 381 1011 402 unus
1036 370 1220 412 triplicique
1249 369 1280 400 in
1304 369 1434 400 nomine
1458 367 1614 409 simplex:
1640 384 1679 390 —

751 423 827 465 quid
852 423 913 454 nisi
938 433 994 465 pro
1018 422 1152 459 cunctis,
1177 420 1266 452 aliud
1290 420 1362 462 quis
1387 419 1520 451 eredere
1545 419 1648 461 possit

681 488 706 506 ιο
751 479 782 506 te
808 475 952 517 potuisse
978 474 1067 513 mori,
1092 478 1223 515 poteras
1247 473 1302 514 qui
1327 471 1464 503 reddere
1489 472 1609 502 vitam?

457 605 490 631 ‘25
512 606 535 630 iu
555 605 654 630 coelum
673 605 706 629 ad
726 610 821 637 petroni
840 604 942 629 scandis
961 603 989 627 F
1060 601 1092 627 27
1114 603 1200 627 insons
1219 602 1272 630 FC.
1291 602 1357 626 idem
1375 601 1414 626 vel
1433 601 1498 626 idem
1517 609 1543 626 es
1562 600 1628 631 Birt,
1643 605 1707 633 puto
1727 601 1817 633 ingens
1890 598 1924 624 29
1941 598 2006 629 Quis

354 650 402 674 nisi
417 649 444 674 1³
500 649 549 679 Qui
570 648 617 673 uisi
631 652 772 680 praestares
791 647 860 672 alind
875 646 1007 672 Cluverius
1019 644 1058 670 ‘cx
1074 646 1146 670 libris
1158 643 1277 675 exeusiu’5
1294 645 1358 676 Quis
1376 645 1425 669 nisi
1444 652 1489 676 pro
1501 645 1609 675 cunctis,
1627 644 1702 669 aliter
1721 644 1778 675 quis
1792 643 1862 673 isira
1884 641 2002 674 Scaliyer

354 693 437 716 multu
457 692 539 716 (leenae
557 692 678 723 putabam
693 690 859 722 parenthesin
878 688 1092 721 (uliud-possit)
1111 689 1199 713 staticit
1217 688 1302 712 Barth

458 811 492 838 26
514 810 607 836 Claud.
624 814 652 836 19
665 811 785 844 purgata
800 830 805 835 .
820 830 825 836 .
840 829 845 835 .
865 808 964 835 tellure
1034 808 1067 834 27
1087 807 1170 834 Drac.
1184 807 1200 833 l.
1214 806 1240 833 d.
1254 810 1278 839 2,
1291 809 1324 833 63
1342 807 1370 832 et
1389 813 1498 832 consors
1517 813 1579 831 cuin
1598 807 1678 838 patre
1698 811 1811 830 manens
1831 805 1859 830 et
1877 803 2006 838 spiritus,

358 871 429 888 unus
450 862 524 888 trina
544 863 636 888 mente
655 861 730 887 deus.
749 860 834 887 Drac.
852 859 868 886 I.
885 859 911 886 d.
929 863 952 891 2,
965 863 1010 885 105
1028 858 1142 893 spiritus
1162 858 1310 884 immensus
1389 857 1422 884 28
1441 857 1524 883 Drac.
1539 856 1555 883 1.
1568 855 1593 883 d.
1608 861 1629 888 1,
1641 858 1690 882 563
1708 855 1811 889 triplex
1829 855 1896 882 deus
1915 854 2005 882 omnis

356 916 383 940 et
405 922 473 940 unus
562 913 597 940 30
617 912 696 945 Help.
709 911 741 938 de
759 911 825 938 Jesu
846 911 927 943 benef.
942 914 986 937 119
1004 912 1034 936 ut
1054 909 1141 936 vitam
1160 909 1273 936 reddere
1292 916 1385 943 posses

925 1221 1448 1270 PANEGYRICVS

715 1310 794 1358 IN
838 1311 858 1356 I
900 1310 1111 1356 AETII
1155 1307 1655 1356 CONSVLATVM

1105 1397 1287 1437 deperditus

468 1495 559 1534 Cory).
579 1493 674 1524 inser.
694 1493 767 1523 Lat.
788 1491 836 1523 VI
857 1492 940 1523 1724
965 1494 1210 1523 remunerantes
1234 1491 1266 1522 in
1290 1491 1358 1522 viro
1381 1491 1532 1533 antiquae
1557 1491 1734 1523 nobilitatis
1758 1501 1861 1523 novae
1885 1491 2009 1533 gloriae

362 1547 417 1579 vel
441 1545 635 1577 industriam
652 1545 827 1576 militarem
850 1543 902 1575 vcl
927 1553 1067 1583 carmen,
1093 1543 1184 1573 cuius
1207 1542 1381 1584 praeconio
1405 1542 1509 1584 gloria
1532 1542 1687 1574 triumfali
1711 1543 1812 1574 crevit
1836 1543 1984 1585 imperio,

465 1604 655 1637 Morobaud.
667 1614 746 1644 pan.
763 1603 787 1634 I
804 1603 865 1643 fry.
882 1602 927 1634 II
937 1602 969 1634 A
986 1602 1003 1633 1
1030 1603 1100 1644 (pro
1127 1601 1176 1633 his
1207 1611 1258 1633 me
1282 1602 1433 1634 laudibus
1457 1603 1520 1634 tuis
1538 1626 1545 1634 .
1563 1627 1569 1635 .
1588 1627 1595 1634 .
1619 1602 1756 1642 >lentem
1781 1604 1813 1634 in
1837 1603 2010 1645 collegium

363 1661 461 1700 togae
493 1660 626 1689 senatus
655 1655 807 1694 adscivit,
842 1665 899 1697 pro
931 1654 981 1685 his
1010 1665 1063 1686 me
1091 1653 1243 1685 laudibus
1273 1655 1337 1685 tuis
1365 1653 1471 1685 Roma
1500 1665 1574 1686 cum
1602 1655 1748 1696 principe
1780 1655 1904 1686 victuro
1937 1665 2013 1686 aere

363 1710 524 1747 formavit,
549 1719 606 1751 pro
631 1707 681 1739 his
699 1707 839 1748 denique
864 1716 968 1748 nuper
991 1705 1031 1737 ad
1048 1706 1178 1737 honoris
1198 1705 1333 1736 maximi
1350 1716 1466 1737 nomen
1490 1706 1544 1737 ille
1568 1706 1715 1737 nascenti
1738 1706 1798 1737 soli
1819 1706 2014 1748 prox(i)mus

361 1763 540 1804 imperator
563 1760 683 1792 evexit.
728 1758 888 1790 intellexit
911 1758 1005 1797 enim,
1029 1767 1093 1799 qua
1116 1757 1179 1788 fide
1203 1757 1273 1789 eius
1297 1757 1508 1800 pr(ae)sentis
1535 1761 1630 1799 gesta
1653 1768 1866 1790 memorarem
1895 1758 1949 1800 qui
1973 1758 2013 1789 de

365 1813 510 1846 absentis
534 1811 660 1844 meritis
686 1820 750 1842 non
773 1813 926 1841 tacerem.

467 1939 567 1966 conieci
584 1939 634 1966 hoc
652 1945 758 1965 carmen
775 1937 914 1964 celebrasse
928 1937 1049 1971 primum
1068 1937 1140 1963 Aetii
1163 1937 1332 1964 consulatum
1353 1936 1429 1963 haud
1446 1937 1549 1964 nescius
1565 1944 1595 1963 eo
1613 1945 1688 1963 aimo
1706 1937 1778 1970 (432)
1795 1936 1934 1969 fortunam
1952 1944 2013 1963 con-

364 1992 432 2018 sulis
456 1990 598 2018 admodum
621 1990 730 2016 dubiam
755 1989 841 2021 fuisse
863 1996 975 2022 quocum
1001 1988 1166 2021 Bonifacius
1194 1991 1218 2015 et
1236 1991 1299 2022 post
1319 1996 1400 2022 ,qener
1423 1987 1594 2014 Sebastianus
1616 1987 1648 2014 de
1666 1988 1826 2022 principatu
1851 1987 2018 2015 decertarent

365 2043 473 2076 (Prosp.
491 2043 580 2069 chron.
599 2042 619 2068 Ι
628 2049 657 2075 p.
683 2044 739 2074 473,
759 2044 822 2068 1310
842 2040 915 2075 Hyd.
934 2040 1024 2067 chron.
1046 2040 1084 2066 11
1094 2048 1122 2074 p.
1144 2044 1185 2073 22,
1209 2044 1242 2067 99
1261 2039 1359 2066 ΟΙινοη.
1381 2040 1450 2066 Gall.
1468 2040 1523 2074 11».
1542 2043 1597 2074 658,
1617 2043 1671 2067 109.
1690 2042 1753 2073 112).
1790 2043 1819 2066 at
1841 2041 1927 2074 ipsum
1945 2040 2015 2067 illud

367 2094 491 2122 absentis
510 2094 664 2121 vocabulum
687 2093 752 2120 mihi
770 2092 886 2126 probare
909 2092 1014 2119 videtur
1036 2092 1223 2118 Merobaudem
1245 2092 1324 2125 quasi
1343 2091 1510 2125 praevidisse
1529 2094 1625 2118 certam
1649 2092 1724 2118 Aetii
1748 2092 1882 2118 vietor-iam
1908 2091 2018 2125 eiusque

365 2145 503 2172 laudandi
522 2148 630 2179 arrepta
647 2145 782 2172 occasione
800 2143 848 2170 εῶἰ
865 2144 952 2177 ipsum
970 2143 1095 2170 honorem
1113 2146 1219 2170 statuae
1237 2143 1428 2177 comparavisse
1445 2142 1540 2170 callide
1558 2151 1637 2169 usum
1656 2146 1802 2176 temporum
1820 2143 1919 2175 farore.
