2106 3061
800 186 973 214 ROMVLEA
994 190 1030 215 IX
1675 199 1732 228 175

490 271 691 313 Astyanacta
715 275 814 310 tenet,
839 274 882 305 sie
908 275 1030 306 caelum
1056 278 1225 317 questibus
1250 278 1378 320 implet:

420 331 454 357 40
491 323 580 364 virgo
604 323 770 365 Polyxene
794 325 933 356 lacrimis
959 330 1071 357 ornata
1095 327 1220 359 decoris

490 377 523 405 et
545 375 676 416 planctu
699 375 820 407 laniata
843 387 952 417 genas,
978 381 1112 409 contusa
1135 379 1273 411 lacertos

489 436 526 456 ac
550 426 654 467 longis
679 426 824 468 dispersa
850 429 948 459 comis
973 433 1105 461 onerata
1128 431 1250 473 pudore

489 477 624 518 ingemit
647 480 679 508 et
702 481 825 509 tantum
851 482 929 511 nutu
955 481 1022 511 sine
1047 492 1126 513 voce
1150 486 1309 523 precatur,

489 529 609 560 funeris
634 529 789 561 Hectorei
813 541 951 572 poscens
976 542 1143 574 exsangue
1169 534 1322 567 cadaver:

419 589 452 615 45
489 591 583 622 quem
607 581 729 612 retines
754 582 853 613 iratus
878 583 981 614 adhuc
1006 584 1180 626 (cognosce
1205 587 1370 628 puellam),

488 633 669 674 plangentis
694 643 866 674 germanus
891 638 969 671 erat,
995 636 1045 666 cui
1071 637 1136 667 vita
1160 636 1299 675 daretur,

488 688 563 715 ante
586 684 690 715 aciem
715 686 741 716 si
765 686 834 717 visa
857 687 949 724 foret,
976 687 1157 729 Troiaeque
1181 689 1309 730 periclis

488 736 608 767 femina
631 737 716 768 bella
740 737 837 777 dedit,
863 738 920 770 sed
945 739 1063 770 femina
1088 739 1175 771 bella
1198 745 1345 782 negaret:

488 787 540 819 ‘da
555 789 691 828 veniam,
714 789 860 822 iuvenis’.
900 801 1053 832 magnum
1077 794 1126 822 est
1149 793 1280 833 punisse
1298 794 1476 835 triumphos

419 847 452 875 50
488 839 651 879 Hectoris,
675 841 734 872 hoc
760 844 809 872 sat
833 842 893 872 erit
917 842 1000 883 quod
1025 843 1064 873 de
1088 843 1207 875 victore
1232 845 1426 886 triumphas:

488 892 550 923 iarn
575 892 680 923 luctus
705 896 855 924 converte
879 896 952 924 tuos
976 893 1015 924 ad
1040 895 1169 935 gaudia,
1194 896 1302 934 victor,

487 943 606 984 gaudia
630 944 683 985 qui
707 944 888 986 Phrygibus
914 945 1026 976 sollers
1050 947 1081 977 in
1106 946 1220 978 funera
1244 948 1352 978 vertis.

487 995 601 1026 infelix
626 996 698 1037 plus
723 996 820 1027 Troia
843 998 943 1038 gemit
967 1008 1062 1039 quam
1086 998 1192 1040 perdit
1215 998 1358 1030 Achilles

487 1047 597 1078 fortior
620 1048 719 1078 occisi
744 1058 942 1090 consurgens
967 1050 1051 1080 ultor
1075 1050 1179 1081 amici.

418 1106 451 1132 55
487 1098 631 1130 infremis
655 1098 839 1131 Aeacides?
883 1101 935 1142 qui
959 1100 1099 1132 vindicet
1122 1101 1276 1141 Hectora,
1300 1113 1363 1133 non
1388 1106 1445 1134 est.

488 1161 571 1181 anne
595 1150 692 1182 Parin
717 1151 846 1182 fortuna
868 1152 977 1183 iubet?
1015 1153 1068 1193 qui
1092 1153 1178 1184 crine
1204 1153 1345 1185 madenti

487 1202 571 1233 inter
594 1203 754 1244 lanigeras
778 1203 897 1245 gaudet
920 1204 1052 1235 latuisse
1076 1205 1199 1246 puellas

487 1264 547 1285 nec
571 1257 674 1285 mater
696 1254 881 1286 veneranda
905 1255 1005 1295 iubet,
1030 1256 1115 1297 quod
1139 1256 1243 1287 laudis
1267 1257 1419 1289 habetur:

486 1305 547 1336 hoc
572 1306 640 1347 agit
664 1309 697 1337 et
720 1317 860 1348 pugnam
885 1306 1037 1338 thalamis
1061 1311 1193 1340 exercet
1217 1309 1351 1347 adulter,

418 1366 451 1392 60
487 1360 617 1399 pectore
642 1358 780 1389 femineo
798 1358 935 1390 Veneris
958 1370 1032 1390 nam
1057 1360 1143 1391 bella
1167 1361 1308 1398 lacessit,

486 1412 522 1439 ut
545 1409 657 1441 Martis
682 1409 821 1441 declinet
850 1421 928 1452 opus
952 1411 1004 1442 vel
1029 1412 1162 1442 fulmina
1186 1412 1290 1454 campi

487 1461 632 1502 effugiat,
656 1472 837 1503 magnoque
861 1463 946 1494 iacet
969 1463 1080 1494 dotata
1103 1463 1255 1494 Lacaena

488 1513 644 1554 sanguine
669 1513 897 1555 Troiugenum,
923 1514 1056 1546 Graium
1081 1515 1189 1546 dotata
1213 1526 1336 1546 cruore.

485 1565 679 1596 Dardanidis
704 1565 774 1607 quis
799 1576 908 1597 murus
934 1566 994 1597 erit
1017 1570 1090 1608 post
1113 1567 1257 1598 Hectora
1281 1578 1401 1609 campo,

417 1626 450 1652 65
487 1617 642 1649 adversus
666 1617 799 1648 Danaos
824 1618 894 1659 quis
918 1618 1078 1659 Pergama
1101 1618 1189 1650 fessa
1213 1623 1330 1656 tuetur,

485 1669 647 1711 puppibus
671 1669 832 1710 Argolicis
857 1669 1014 1711 Phrygios
1040 1670 1110 1711 quis
1135 1670 1251 1711 diriget
1274 1671 1376 1712 ignes,

490 1721 560 1762 quis
584 1720 762 1752 Telamone
787 1723 891 1752 satum
916 1724 1068 1752 constans
1092 1721 1231 1753 umbone
1256 1725 1419 1753 tonantem

490 1773 627 1804 sustinet
650 1776 706 1804 aut
729 1772 846 1804 Teucri
868 1773 986 1804 tolerat
1008 1784 1065 1815 per
1088 1773 1174 1804 bella
1197 1774 1352 1815 sagittas?

487 1825 557 1866 quis
582 1824 682 1856 hostis
707 1823 873 1856 Diomedis
902 1825 970 1863 erit,
996 1835 1078 1866 quae
1103 1828 1207 1856 turma
1230 1826 1390 1856 furentem

417 1884 450 1911 70
487 1876 631 1918 excipit?
656 1876 687 1906 in
712 1876 848 1918 clipeum
873 1886 1008 1917 surgens
1034 1887 1105 1907 cum
1130 1877 1260 1908 torserit
1284 1877 1411 1909 hastam

484 1927 612 1959 turbine
637 1927 808 1969 belligero,
834 1928 904 1969 quis
929 1938 990 1959 non
1016 1928 1083 1959 sine
1109 1928 1241 1959 vulnere
1266 1929 1387 1959 fractus

490 1979 631 2011 concidit
655 1983 688 2010 et
711 1980 854 2011 moriens
878 1979 1098 2010 tremibundos
1121 1980 1256 2021 porrigit
1280 1984 1389 2011 artus?

485 2031 643 2073 Tydiden}
667 2031 799 2063 Aeneas
824 2031 952 2062 rediens
978 2031 1009 2062 in
1034 2031 1119 2062 bella
1142 2032 1292 2070 lacesset,

485 2094 504 2114 a
528 2093 591 2125 quo
615 2083 720 2114 victus
744 2082 820 2121 abit⁷
844 2082 897 2124 qui
922 2083 1086 2124 impressit
1109 2083 1243 2114 vulnera
1266 2083 1381 2114 Marti?

414 2144 447 2169 75
485 2146 559 2166 nam
583 2135 708 2166 niveam
733 2134 850 2165 lusisse
875 2134 935 2165 fuit
958 2135 1090 2176 plagare
1115 2134 1291 2176 Cytheren.

483 2187 644 2228 Pergama
667 2186 782 2225 Pelidi,
807 2186 919 2225 fateor,
944 2189 1017 2227 post
1040 2186 1185 2217 Hectora
1209 2189 1345 2217 tractum

484 2249 547 2269 non
572 2239 703 2278 bellum,
729 2238 785 2269 sed
809 2237 931 2279 praeda
954 2241 1068 2279 patent
1092 2241 1258 2278 spectante
1283 2238 1455 2280 triumpho.

195 2360 228 2385 39
248 2364 335 2386 tenens
354 2360 474 2385 Billtrevzs
544 2359 577 2384 42
595 2360 678 2391 longis
695 2360 725 2389 (is
744 2368 773 2383 cx
792 2359 852 2388 us‘?)
873 2358 901 2382 X
987 2357 1021 2383 45
1044 2359 1137 2383 retines
1161 2359 1195 2382 sic
1217 2359 1244 2382 N
1325 2357 1357 2382 47
1382 2360 1442 2383 soret
1463 2360 1604 2390 Troiaeque
1624 2360 1729 2392 [ιω-’11η

91 2403 182 2435 Pec'per
288 2403 320 2429 56
339 2404 410 2428 iuvet
428 2403 553 2427 Bia-helm-
630 2403 673 2434 qui
692 2402 786 2426 crimen
805 2402 890 2426 adenti
908 2401 941 2430 N,
961 2411 1027 2426 rurr.
1041 2401 1167 2426 Bsoelaeler
1269 2400 1301 2426 57
1313 2399 1347 2425 'in
1366 2402 1493 2433 lanigeras
1510 2407 1567 2426 suut
1586 2412 1626 2427 ras
1641 2407 1730 2434 stlcaet

90 2447 202 2475 additae,
227 2447 271 2471 sed
290 2456 306 2470 α
331 2456 410 2471 mana
429 2447 518 2478 prima
544 2446 576 2472 N.
601 2446 715 2470 lanificas
740 2446 859 2469 Biilzrens
947 2445 979 2469 (14
1006 2446 1132 2470 Dardanis
1159 2446 1190 2473 X,
1218 2454 1283 2470 corr.
1305 2446 1431 2475 Bida-ens,
1456 2446 1581 2469 Dardanio
1607 2446 1729 2470 &sichelm-

124 2488 157 2514 66
181 2491 323 2522 phrygibus
348 2490 379 2520 X,
404 2499 470 2514 corr.
489 2489 615 2513 Be'iclteler
720 2487 752 2512 73
774 2488 889 2520 Tydiden
914 2489 943 2512 X
1025 2489 1127 2513 lacessit
1149 2489 1182 2517 N,
1207 2497 1273 2512 ειη-ι’.
1295 2488 1419 2513 ΒίῐιἸιείσν
1523 2488 1554 2512 74
1574 2489 1685 2513 uulnena
1705 2489 1730 2512 A*

125 2533 200 2557 matri
219 2533 251 2564 N,
271 2542 337 2558 corr.
350 2533 475 2564 Rossbery
564 2531 595 2556 76
614 2535 717 2556 nactum
738 2531 769 2561 N,
789 2540 854 2556 corr.
870 2531 995 2556 lificlielm·
1076 2530 1106 2555 77
1126 2532 1262 2564 spectanda
1282 2532 1406 2563 Ii'osshergs

193 2643 226 2669 39
252 2643 366 2669 Val.Fl.
387 2647 409 2675 6,
430 2647 475 2670 726
501 2643 544 2669 his
571 2643 678 2669 caelum
704 2641 848 2675 questibus
871 2641 971 2675 implet
1062 2642 1096 2667 42
1121 2642 1213 2668 Claud.
1231 2646 1272 2674 33,
1289 2646 1319 2668 55
1346 2642 1465 2668 invultus
1489 2642 1612 2676 dispersu
1636 2652 1726 2668 comus

124 2695 158 2721 43
183 2696 228 2721 Sil.
242 2699 264 2728 6,
280 2699 328 2721 567
351 2696 429 2722 vultu
456 2695 594 2721 interdum
619 2694 677 2721 siue
704 2703 770 2720 voce
794 2693 901 2727 precati
926 2693 997 2719 unde
1019 2696 1107 2719 lamen
1130 2702 1191 2719 carc
1218 2702 1275 2719 cmm
1300 2694 1450 2726 Ii’ossbcryio
1475 2694 1553 2719 vultu
1580 2694 1727 2719 Draumzm

90 2754 191 2779 quoque
208 2746 264 2779 (les,·
284 2747 421 2781 Polyxena
438 2749 467 2772 ut
485 2747 557 2780 virgo
574 2746 690 2772 ‘modesta
709 2746 905 2772 Andromaches
920 2745 1042 2778 precibus
1061 2745 1158 2770 submit
1177 2747 1289 2777 ιαηίιιηι,
1309 2753 1362 2770 non
1381 2745 1513 2770 adclamat
1599 2746 1631 2769 50
1652 2744 1725 2777 Very.

91 2797 158 2824 Aen.
173 2802 197 2832 4,
209 2801 254 2824 215
272 2798 321 2825 ille
340 2798 418 2826 Paris
430 2819 435 2824 .
447 2819 468 2824 ,Α
489 2798 646 2833 crinemque
665 2798 821 2825 madentem
904 2797 936 2824 53
955 2797 990 2822 ad
1008 2796 1081 2822 VIII
1095 2801 1141 2822 652
1228 2797 1260 2822 72
1278 2799 1311 2829 cf.
1327 2796 1435 2823 Homer.
1448 2799 1496 2821 376
1514 2795 1595 2821 Dmc.
1609 2795 1632 2820 V
1647 2799 1692 2820 2⁸1
