2106 3061
800 196 958 222 ORESTES
1639 209 1699 237 ⁴215}

371 291 421 317 427
458 282 613 325 praecidit
636 292 772 323 regnum
797 282 944 323 Tamyris
969 284 1080 324 regina
1104 284 1271 321 Getarum„

458 334 514 365 sed
539 334 583 365 nil
608 337 701 376 turpe
726 345 842 375 gerens
867 334 984 365 vindex
1008 334 1066 365 suit
1090 335 1144 366 illa
1169 346 1311 368 suorum:

458 386 483 416 si
508 385 584 416 fecit
608 385 725 417 Medea
748 386 849 423 nefas,
874 386 1036 416 flammata
1059 386 1170 417 dolore

371 445 423 472 4:30
459 437 561 468 dulcis
585 437 703 468 amoris
729 440 808 477 erat,
833 448 904 468 cum
930 438 1020 478 regia
1044 441 1130 468 tecta
1154 439 1318 469 cremabat

458 489 610 520 incolumi
633 488 763 519 viduata
786 489 853 519 viro
877 488 916 519 (le
940 489 1064 530 paelice
1089 489 1225 522 Glauco:

458 540 543 581 inpia
566 540 761 572 Lemniades
785 543 992 582 sumpserunt
1017 551 1105 572 arma
1128 542 1255 582 puellae

458 594 555 633 atque
579 592 718 622 maritali
741 591 913 622 foedarunt
938 592 1095 632 sanguine
1120 592 1231 632 lectos,

458 642 514 674 sed
539 643 676 674 Veneris
700 643 788 674 furor
812 653 886 674 acer
910 646 978 674 erat
1001 644 1190 685 facinusque
1215 644 1398 675 nefandum.

371 702 422 727 435
458 694 542 736 quod
568 694 741 736 Scythicae
765 704 896 736 gessere
922 705 1031 733 nurus,
1056 695 1087 725 in
1112 696 1243 726 crimine
1268 699 1356 726 tanto

459 746 598 777 barbara
623 746 717 777 turba
739 746 808 777 fuit.
854 757 927 777 nam
953 750 996 785 tu,
1021 747 1132 788 regina
1155 746 1340 788 Pelasgum,

458 797 597 829 Graecia
621 808 716 839 quam
741 798 852 839 genuit
876 799 984 839 legum
1009 798 1148 829 fecunda
1171 799 1320 833 creatrix,

459 849 545 880 clara
568 849 737 891 Mycenaei
762 850 902 881 coniunx
927 853 960 881 et
983 850 1115 881 vindicis
1140 861 1221 881 uxor

458 901 579 932 crimen
603 901 751 932 adulterii
776 902 948 942 geminasti
973 901 1071 933 caede
1097 902 1211 933 mariti.

371 962 422 988 440
458 953 600 984 Alcestis
624 953 810 984 meminisse
835 953 904 992 fuit,
929 964 1011 995 quae
1036 957 1138 985 morte
1162 954 1310 984 maritum

458 1004 606 1036 manibus
632 1005 759 1046 eripuit,
783 1005 838 1046 pia
862 1005 1019 1047 coniugis,
1043 1005 1131 1047 inpia
1155 1005 1194 1036 (le
1220 1016 1264 1036 sc.

458 1056 535 1098 quid
558 1056 671 1098 loquar
695 1056 853 1088 Euadnen
877 1056 1043 1088 Thebanis
1067 1057 1197 1098 ignibus
1221 1060 1326 1088 ustam

459 1111 492 1139 et
514 1111 588 1149 post
612 1108 679 1139 fata
706 1108 772 1139 viro
797 1108 926 1140 flamma
950 1109 1130 1150 crepitante
1155 1108 1307 1147 sodalem,

457 1160 545 1202 inpia
568 1171 640 1191 cuin
663 1160 778 1201 pietas,
803 1161 939 1192 affectus
964 1160 1066 1192 dulcis
1091 1171 1233 1192 amaram

370 1219 422 1246 445
458 1211 552 1243 iussit
575 1212 696 1243 habere
720 1222 843 1251 necem,
868 1223 950 1253 quae
976 1216 1086 1243 contra
1109 1213 1244 1244 vulnera
1267 1213 1371 1243 luctus

457 1263 569 1294 fortior
592 1264 666 1305 igne
691 1264 760 1303 fuit⁷
786 1263 970 1295 crudelibus
995 1275 1052 1296 usa
1076 1264 1234 1304 medellis,

460 1318 492 1347 et
516 1315 610 1346 simul
634 1315 673 1346 ad
698 1326 808 1347 manes
833 1316 864 1346 in
888 1316 1020 1357 pulvere
1044 1316 1189 1357 coniugis
1214 1316 1288 1347 ivit?

458 1367 590 1409 pertulit
613 1377 694 1398 urna
718 1367 807 1406 duos,
832 1368 926 1398 funus
951 1378 1028 1409 quos
1052 1368 1166 1407 iunxit,
1191 1371 1346 1399 amantes.

458 1418 631 1450 conubium
655 1419 746 1450 felix!
794 1419 979 1461 exemplum
1003 1419 1124 1461 grande
1148 1419 1296 1462 pudoris!

370 1478 422 1506 450
457 1470 545 1512 inpia
570 1471 728 1512 sacrilego
754 1471 861 1512 nupsit
884 1474 957 1512 post
980 1471 1048 1502 fata
1071 1472 1201 1502 marito:

457 1522 603 1563 pronuba
620 1522 748 1553 flamma
772 1522 841 1561 fuit,
867 1522 999 1554 thalami
1016 1534 1111 1564 rogus
1136 1527 1168 1554 et
1184 1534 1263 1565 pyra
1280 1524 1392 1555 lectus.

370 1581 422 1608 452
460 1574 536 1615 quid
561 1574 601 1605 sit
625 1573 777 1605 honestus
803 1584 901 1613 amor,
926 1574 1045 1606 multae
1069 1576 1207 1606 docuere
1232 1576 1371 1617 puellae.

372 1633 420 1659 541
459 1629 552 1656 natus
576 1635 684 1656 amore
708 1626 759 1666 pio
785 1625 966 1656 flammatus
991 1629 1091 1657 morte
1116 1630 1250 1668 paterna

458 1677 601 1708 vindicet
624 1680 660 1708 ut
684 1680 808 1718 patrem
834 1677 887 1718 qui
912 1680 1047 1709 matrem
1072 1678 1223 1709 straverit
1246 1678 1351 1716 ictam7

460 1728 592 1759 crimina
616 1728 767 1770 purgabIt
790 1729 901 1760 matris
926 1729 965 1760 de
989 1732 1133 1771 tempore
1158 1730 1278 1770 prisco:

458 1790 532 1811 nam
556 1783 682 1822 patrem
706 1780 799 1811 docet
823 1791 895 1812 esse
921 1791 1013 1811 suum
1038 1791 1133 1822 quem
1160 1781 1299 1812 vindicat
1323 1782 1430 1820 armis,

375 1841 425 1866 545
462 1831 578 1873 dignus
603 1831 752 1863 adulterii
776 1831 907 1869 vindex,
932 1832 1002 1873 pius
1027 1833 1112 1863 ultor
1137 1836 1168 1863 et
1192 1833 1297 1864 heres

457 1886 567 1915 noster
591 1894 680 1915 amor
703 1883 835 1922 Danais,
861 1886 935 1915 sunt
959 1883 1031 1915 odia
1056 1894 1152 1915 saeva
1176 1883 1320 1915 duorum.

457 1936 501 1967 ite
525 1946 617 1977 pares
642 1935 770 1966 animis:
795 1935 961 1966 vobiscum
986 1936 1120 1966 vernula
1143 1936 1236 1967 turba

458 1987 592 2023 sentiet3
617 1986 688 2017 irati
712 1986 818 2028 potius
846 1986 930 2027 quod
954 1986 1078 2017 tardius
1103 1987 1183 2024 istis,

457 2049 512 2070 ore
537 2038 678 2069 fremunt
701 2038 822 2077 famuli,
847 2039 900 2080 qui
926 2048 1057 2079 carpere
1082 2038 1231 2069 dentibus
1257 2042 1367 2080 optant

371 2098 421 2125 550
457 2101 572 2132 corpus
596 2089 766 2131 Egisteum
793 2090 844 2121 vel
869 2090 986 2128 vivum,
1010 2089 1137 2121 tradere
1161 2090 1297 2121 flaminis

165 2168 214 2194 427
234 2169 361 2194 Praecidit
379 2178 431 2201 eyo,
450 2169 565 2194 Possedit
583 2168 632 2192 BA
704 2169 802 2193 Occidit
821 2177 904 2200 regem
926 2168 1016 2200 Mitlcly
1087 2169 1184 2193 tamiris
1203 2169 1251 2192 BA
1340 2169 1390 2194 425
1417 2178 1476 2194 suor
1495 2169 1550 2200 (sed
1570 2179 1580 2193 1·
1600 2170 1632 2192 ira
1652 2170 1706 2201 [υν-

64 2217 133 2237 'mala
151 2217 178 2237 ut
190 2213 253 2237 solet
269 2213 296 2236 iu
309 2216 369 2237 nota
383 2211 451 2244 rum)
465 2212 496 2242 B,
517 2214 551 2244 cf.
567 2213 617 2237 573
687 2211 737 2236 429
757 2212 798 2236 Sic
817 2211 840 2235 A
928 2210 980 2235 430
999 2216 1123 2236 cremaret
1142 2212 1165 2235 A
1235 2212 1281 2237 431
1304 2213 1395 2244 glauce
1416 2213 1439 2236 L·
1514 2212 1564 2237 433
1583 2213 1663 2236 locius
1684 2212 1706 2235 A

97 2255 148 2281 435
166 2256 187 2286 Q
206 2256 348 2287 uosquitice
361 2255 393 2286 B,
413 2256 480 2286 Quid
493 2256 623 2288 scythicae
635 2254 659 2279 A
730 2254 780 2279 43⁶
801 2254 834 2278 uz]
853 2259 906 2279 tum
926 2255 1014 2287 regina
1028 2256 1156 2287 pelascum
1170 2255 1194 2279 B
1263 2255 1312 2280 437
1327 2257 1436 2281 facunda
1446 2262 1507 2288 pulo
1577 2257 1670 2280 centrix
1686 2256 1708 2279 I}

97 2297 148 2323 439
173 2299 283 2323 adulteri
306 2299 436 2323 seminasti
462 2298 486 2322 B
574 2297 624 2323 442
643 2298 761 2322 enuaden
781 2298 880 2322 tebanis
900 2298 923 2321 Ι)
1014 2297 1065 2322 443
1085 2298 1153 2322 uir-or
1172 2299 1202 2329 J),
1222 2299 1270 2323 uiri
1290 2298 1315 2323 A
1386 2300 1530 2332 erepidantc
1549 2299 1656 2323 reilalem
1677 2298 1707 2328 12,

65 2342 203 2374 crepitante
221 2342 327 2366 nealcen
345 2341 369 2365 A
389 2350 419 2366 esu:
447 2341 510 2366 Stat.
534 2341 608 2366 Theb.
624 2343 663 2370 12,
678 2343 736 2370 122,
764 2349 798 2366 cr.
821 2341 933 2365 sodalem
957 2340 1107 2365 Rothmaler
1194 2341 1243 2366 444
1263 2350 1321 2366 cnm
1341 2342 1398 2373 BA,
1423 2351 1500 2373 qnam
1528 2342 1552 2366 C.
1569 2344 1598 2364 (l.
1614 2342 1709 2365 Mssllm·

99 2393 184 2409 amara
197 2385 221 2408 B
290 2383 342 2409 445
360 2393 436 2409 avere
449 2384 574 2416 Rossbery
645 2385 733 2416 neceq3
747 2384 772 2408 B
840 2383 891 2408 446
911 2385 929 2407 1⁴*
943 2387 1068 2407 ortior-mor
1081 2383 1105 2407 Ι]
1174 2384 1295 2413 erudelib3
1310 2393 1325 2409 a
1339 2385 1451 2409 medellis
1466 2385 1489 2408 B
1558 2383 1606 2408 447
1627 2385 1672 2407 ibit
1685 2384 1708 2407 L*

98 2426 148 2452 449
161 2428 304 2452 Conubium
318 2428 348 2452 L.
363 2427 467 2458 Mamer,
485 2428 504 2451 C
518 2436 624 2452 onuium
644 2427 681 2456 (ui
694 2435 770 2459 super
783 2436 799 2450 n
813 2426 859 2456 132)
873 2426 904 2455 B,
924 2427 1078 2457 Coniugium
1092 2426 1117 2450 A
1187 2426 1238 2451 452
1252 2427 1343 2451 liabent
1357 2427 1440 2451 HDX
1507 2428 1614 2451 didicere
1628 2426 1710 2450 HDX

98 2469 146 2495 541
174 2474 276 2502 paterne
301 2470 326 2494 B
439 2468 491 2494 542
518 2471 561 2502 qui
581 2479 627 2495 om.
647 2470 671 2493 A
760 2478 810 2501 quo
823 2488 828 2493 .
841 2488 845 2493 .
857 2488 862 2493 .
883 2470 935 2493 ictu
955 2469 985 2494 L.
999 2469 1096 2493 Mulier
1199 2469 1249 2494 544
1268 2470 1359 2494 habene
1377 2469 1488 2494 LHDX
1566 2470 1630 2493 Nam
1649 2469 1707 2497 BA,

65 2513 114 2538 Hic
127 2513 211 2544 LDX,
231 2514 308 2538 Hunc
321 2513 354 2537 H
418 2514 490 2538 decet
501 2513 533 2537 H
598 2522 673 2538 suum
694 2512 834 2542 ALHDX,
854 2513 910 2537 sica
925 2513 948 2536 J}
1018 2513 1061 2544 qui
1076 2512 1098 2536 L
1167 2513 1286 2537 uendicat
1299 2513 1331 2536 II
1408 2512 1458 2538 545
1477 2513 1571 2537 ultores
1590 2513 1672 2536 theros
1686 2511 1709 2534 J:

98 2555 149 2581 546
174 2557 283 2581 danaum
310 2556 334 2580 A
405 2557 487 2581 taedia
513 2557 605 2589 Peiper
686 2557 789 2581 deorum
815 2556 873 2586 BA,
900 2564 966 2580 corr.
988 2556 1087 2587 Peiper,
1114 2564 1213 2580 reorum
1240 2556 1363 2588 Itosshery
1458 2555 1509 2580 545
1536 2556 1649 2579 Senticnt
1676 2554 1706 2584 I),

66 2598 167 2624 Saeuiet
186 2598 210 2623 A
280 2608 329 2632 quo
349 2600 373 2623 A
442 2600 484 2624 itis
503 2600 527 2624 A
615 2598 666 2625 550
685 2600 757 2624 vivae
777 2599 858 2623 Dalm

166 2667 216 2693 427
235 2667 272 2692 ad
289 2670 311 2698 3,
325 2670 372 2693 501
441 2667 493 2694 430
516 2667 558 2693 Or.
573 2670 630 2693 met.
645 2671 666 2699 6,
680 2671 726 2693 614
745 2666 850 2700 regalia
864 2667 939 2693 tecta
953 2674 1074 2692 cremaro
1144 2666 1192 2692 431
1214 2666 1296 2691 Anth.
1311 2669 1364 2698 102,
1378 2668 1393 2690 3
1412 2667 1500 2691 mater
1520 2665 1580 2690 vivo
1595 2664 1704 2690 viduata

66 2717 164 2744 marito
181 2718 278 2744 Medea
351 2720 403 2746 440
416 2720 451 2751 cf.
469 2720 514 2746 Ov.
528 2728 581 2745 ars.
594 2722 617 2751 3,
632 2723 662 2745 17
673 2727 725 2752 sqq.
797 2719 850 2744 fuit
863 2719 880 2744 i.
890 2720 994 2751 poterut
1010 2718 1199 2751 Clytaemestra
1274 2717 1324 2743 442
1338 2716 1374 2742 ad
1386 2720 1408 2747 3,
1422 2720 1471 2741 :307
1539 2717 1590 2741 44ῖί
1607 2716 1706 2740 Luci-el.

65 2771 88 2801 6,
104 2773 145 2795 155
172 2770 282 2796 flamma
306 2771 462 2805 crepitante
481 2771 572 2805 (νεῖτ’-(1.
589 2773 656 2797 Aen.
675 2775 694 2803 7,
716 2773 756 2801 74)
852 2771 903 2796 452
925 2770 958 2802 cf.
979 2773 1026 2795 916
1050 2772 1072 2794 ct
1099 2771 1185 2794 uotam
1210 2769 1246 2794 ml
1266 2769 1303 2794 II
1316 2773 1347 2794 64
1442 2769 1490 2793 547
1510 2767 1546 2792 ad
1570 2767 1640 2791 1'111
1658 2770 1707 2790 ἨΝ

99 2821 149 2848 548
167 2821 233 2848 Hor.
247 2825 296 2849 sat.
310 2826 333 2855 2,
350 2826 374 2856 3,
395 2827 440 2849 101
458 2823 524 2857 quia
543 2823 649 2850 tardius
668 2823 738 2850 irent
