2106 3061
186 809 246 854 H.
289 807 378 852 DE
412 805 772 852 DRACONTI
807 806 1241 852 CARMINIBVS
1276 807 1657 854 CODICIBVS

681 874 1157 920 EDITIONIBVS.

197 983 247 1016 De
268 983 425 1015 Draconti
452 983 635 1024 Euyeniquc
658 983 830 1014 libellorum
852 983 931 1022 fatis
946 984 1137 1022 priusquam
1160 992 1311 1022 exponam
1339 993 1417 1022 quae
1440 994 1516 1024 opus
1538 986 1638 1022 erunt,
1660 985 1741 1016 turis

95 1047 205 1068 acerra
232 1035 386 1067 litandum
416 1035 562 1066 manibus
588 1033 801 1066 RVDOLFI
824 1033 1013 1072 PEIPER,
1048 1044 1135 1073 quem
1163 1045 1242 1074 quae
1270 1034 1330 1065 sibi
1357 1037 1564 1075 proposuerat
1593 1036 1741 1074 perficere

94 1088 190 1120 vetuit
205 1097 272 1119 sors
284 1088 419 1126 angusta
431 1086 619 1119 mortalium.
651 1086 822 1125 conleqerat
837 1087 939 1116 autem
954 1095 1101 1125 maqnam
1108 1087 1232 1125 partem
1245 1095 1348 1116 eorum
1365 1096 1443 1124 quae
1454 1088 1545 1117 erant
1560 1086 1740 1126 eolliyenda,

94 1140 290 1171 recensuerat
312 1138 404 1169 etiam
420 1137 572 1177 pleraque
588 1138 742 1176 carmina,
765 1137 812 1167 ita
835 1138 936 1167 tamen
959 1139 994 1167 ut
1016 1137 1051 1166 in
1074 1136 1139 1167 dies
1161 1138 1195 1166 ut
1215 1137 1253 1176 fit
1274 1136 1394 1173 deleret,
1418 1137 1590 1177 corriperet,
1614 1137 1662 1168 hic
1678 1137 1744 1169 illic

91 1190 183 1222 etiam
199 1199 324 1229 pessum
340 1189 429 1220 daret
443 1198 536 1220 curas
545 1188 678 1227 priores.
718 1188 822 1227 itaque
839 1197 890 1227 eqo
906 1188 957 1218 cui
973 1187 1187 1218 liberalissime
1199 1187 1402 1218 intercedente
1419 1188 1468 1220 W.
1486 1195 1540 1219 DE
1553 1188 1743 1220 HARTEL

89 1242 157 1272 viro
179 1241 353 1272 clarissimo
368 1240 495 1279 Peiperi
517 1239 643 1271 schedae
666 1238 801 1270 traditae
824 1240 897 1269 sunt
920 1240 985 1269 tum
1008 1248 1075 1269 eum
1099 1240 1127 1268 et
1149 1239 1214 1277 ipse
1237 1239 1339 1277 operis
1357 1248 1504 1278 maqnam
1523 1241 1648 1279 partem
1672 1249 1741 1271 con-

92 1292 226 1331 feceram
240 1292 350 1332 cuique
365 1301 428 1322 non
448 1291 483 1322 id
498 1293 566 1322 erat
581 1290 734 1331 aqendum
755 1292 790 1321 ut
806 1289 932 1328 Pciperi
947 1289 1063 1320 ederem
1079 1290 1245 1329 reliquias,
1269 1290 1322 1321 scd
1341 1292 1377 1320 ut
1390 1289 1547 1321 Draconti
1561 1290 1743 1330 Euqenique

93 1343 287 1374 restituerem
313 1343 506 1380 memoriam,
541 1342 663 1373 excussi
689 1341 830 1381 defuncti
856 1341 1032 1378 chartulas,
1061 1341 1238 1379 comparavi
1265 1350 1332 1371 eum
1360 1341 1449 1380 meis,
1478 1341 1616 1379 excerpsi
1641 1341 1742 1378 utilia,

94 1395 192 1426 abieci
206 1394 346 1431 inutilia,
365 1404 426 1433 pro
441 1393 529 1424 virili
544 1395 637 1432 parte
652 1395 761 1424 cautus
784 1402 822 1423 nc
845 1392 922 1431 quid
933 1392 1050 1430 periret
1064 1392 1146 1431 quod
1166 1391 1219 1422 ille
1234 1392 1306 1423 bene
1321 1392 1482 1423 invenerat
1496 1401 1557 1422 neu
1573 1391 1650 1422 milii
1665 1402 1743 1431 quac

93 1446 147 1478 ille
169 1447 370 1485 occupaverat
384 1444 599 1475 adscriberem.
645 1444 776 1474 multum
799 1444 843 1474 sic
865 1453 939 1474 sane
960 1443 1104 1482 temporis
1118 1442 1246 1481 perdidi
1261 1442 1458 1474 retractando
1479 1452 1516 1473 ca
1539 1452 1617 1482 quae
1633 1443 1743 1474 melius

86 1496 280 1539 faciliusque
302 1506 341 1527 eoe
363 1496 482 1536 inteyro
497 1498 597 1527 essent
611 1497 690 1533 acta,
713 1505 810 1534 neque
826 1497 928 1526 tamen
952 1495 996 1525 ita
1018 1504 1083 1525 rem
1099 1494 1270 1525 instituisse
1291 1505 1339 1525 me
1348 1494 1505 1533 pacnitct;
1527 1494 1639 1532 optime
1661 1494 1743 1525 enim

90 1548 202 1587 aliqua
227 1547 506 1579 administraverat
534 1546 662 1587 Peiper‚
695 1556 774 1586 quae
805 1556 852 1576 me
880 1545 1042 1586 fugerant,
1074 1547 1102 1576 et
1132 1545 1283 1575 iniustum
1313 1548 1380 1576 erat
1412 1545 1580 1576 diuturnas
1614 1545 1676 1575 viri
1707 1544 1743 1575 dc

92 1599 201 1630 latinis
225 1598 337 1630 litteris
365 1598 437 1629 bene
466 1598 570 1629 meriti
599 1597 827 1628 lucubrationes
850 1599 963 1636 putore
989 1597 1139 1635 tineisque
1163 1596 1278 1635 perire.
1324 1605 1485 1635 quaequae
1513 1596 1612 1635 iqitur
1637 1596 1742 1635 fugere

89 1650 183 1682 horae
223 1650 355 1680 inutilia
396 1649 520 1689 leyendo
556 1648 724 1680 iudicando
761 1648 933 1685 abiciendo,
977 1647 1147 1686 conpendia
1186 1648 1251 1677 sint
1285 1647 1463 1687 diliqentiae
1501 1646 1739 1685 sedulitatisque

93 1701 263 1741 indefessae
288 1700 492 1732 PEIPERI.

195 1752 259 1783 iam
282 1762 352 1783 cum
374 1751 410 1782 de
433 1752 497 1782 vita
513 1753 624 1790 poetae
644 1750 757 1790 eyerim
779 1750 835 1781 sub
855 1749 979 1781 nomine
994 1748 1210 1780 ‘Dracontius‘
1234 1749 1267 1779 in
1282 1749 1517 1789 encyclopaedia
1540 1748 1739 1787 Wissowa61)

92 1803 281 1843 breviterque
303 1803 382 1834 scitu
404 1802 591 1843 dignissima
613 1803 648 1834 in
670 1802 771 1833 indice
794 1801 888 1832 huius
910 1801 1011 1840 ipsius
1034 1801 1108 1832 libri
1130 1801 1263 1841 (22299)
1286 1800 1513 1839 composuerim,
1536 1799 1586 1830 hic
1608 1799 1740 1838 sufficiet

88 1854 236 1894 persequi
258 1864 338 1893 quae
361 1854 397 1885 de
421 1855 552 1893 tempore
575 1853 725 1885 librorum
748 1853 787 1884 ab
809 1853 877 1892 ipso
900 1852 1051 1884 editorum
1074 1851 1142 1883 licet
1163 1852 1250 1883 scire.

198 1907 290 1945 atque
313 1915 381 1936 cum
402 1905 485 1936 inter
507 1914 610 1936 omnes
638 1906 752 1936 constet
773 1905 896 1944 primos
925 1903 1130 1935 adulescentis
1158 1902 1259 1934 adhuc
1280 1905 1389 1942 poetae
1411 1902 1493 1941 fetus
1515 1911 1577 1933 esse
1600 1901 1740 1933 carmina

92 1957 150 1989 illa
173 1967 212 1988 ew
234 1956 398 1988 Romuleis
420 1966 499 1996 quae
525 1956 689 1988 memoriae
711 1956 871 1987 Felieiani
899 1955 1042 1996 mayistri
1072 1956 1196 1986 sacrata
1217 1955 1283 1993 ipse
1305 1953 1416 1990 voluit,
1444 1963 1507 1983 uon
1535 1953 1639 1983 minus
1666 1954 1743 1983 certe

90 2008 251 2048 affirmari
279 2010 381 2048 potest
408 2007 488 2039 hanc
515 2008 675 2039 variorum
702 2009 880 2047 poematum
912 2007 1128 2044 collectionem,
1163 2016 1256 2045 quam
1283 2003 1460 2036 ‘Romulea‘
1492 2004 1653 2043 inscripsit
1680 2004 1743 2042 ipse

91 2059 284 2091 Dracontius
293 2059 332 2099 2),
354 2069 418 2090 non
440 2068 503 2090 esse
525 2059 639 2090 editam
656 2061 728 2090 ante
745 2058 886 2090 carmina
902 2058 1077 2088 christiana
1087 2057 1113 2097 3)
1136 2067 1215 2096 quae
1237 2067 1257 2087 a
1280 2056 1399 2096 captivo
1416 2057 1508 2096 poeta
1524 2055 1580 2086 sub
1599 2055 1743 2087 Guntha-

93 2111 209 2142 mundo
224 2120 294 2150 reye
316 2110 360 2150 (a.
373 2111 566 2150 484—496)
584 2112 680 2150 pacta
703 2119 765 2141 csse
785 2110 855 2149 ipsa
871 2109 987 2141 docent.
1031 2118 1164 2148 namque
1180 2108 1413 2147 epithalamium
1428 2107 1562 2138 Ioannis
1576 2109 1604 2137 et
1622 2106 1744 2137 Vitulac

90 2162 193 2202 (Rom.
217 2162 297 2201 VII)
329 2163 357 2192 et
387 2162 489 2201 ipsum
512 2172 573 2201 per
601 2164 719 2202 tempus
751 2161 942 2200 captivitatis
970 2160 1166 2199 compositum
1198 2161 1242 2190 est
1270 2161 1312 2199 (v.
1328 2160 1379 2189 25.
1409 2159 1459 2189 69.
1484 2159 1556 2188 106.
1581 2158 1642 2188 118
1654 2158 1743 2196 sqq),

90 2214 326 2254 epithalamium
349 2214 384 2244 in
405 2213 561 2252 fratribus
576 2213 690 2244 dictum
713 2212 818 2253 (Rom.
838 2212 898 2251 VI)
921 2212 967 2243 vel
990 2222 1009 2242 a
1028 2214 1118 2251 pocta
1143 2222 1181 2242 eoe
1196 2221 1315 2242 earcere
1331 2210 1457 2241 dimisso
1480 2213 1521 2248 (ro.
1535 2211 1602 2247 40).
1655 2209 1743 2239 dubi-

199 2351 225 2383 1)
247 2350 272 2377 V
285 2358 315 2384 p.
329 2353 505 2376 1635—1644.
546 2350 650 2383 purtim
668 2349 787 2374 nondum
810 2349 938 2374 absolutis
963 2348 1034 2374 curis
1052 2348 1098 2373 illa
1117 2347 1264 2379 conscripta
1283 2348 1354 2377 sunt,
1374 2345 1415 2370 ita
1432 2347 1462 2370 ut
1480 2344 1555 2370 hodie
1575 2343 1630 2376 ipse
1649 2343 1741 2375 aliqua

89 2400 144 2418 non
162 2392 215 2418 iam
232 2393 399 2425 comprobem.
440 2392 564 2425 inprimis
581 2392 743 2418 monendum
761 2394 798 2417 est
820 2394 876 2416 tum
895 2390 1014 2416 nondum
1028 2391 1161 2416 inventum
1179 2389 1261 2423 fuisse
1280 2388 1376 2414 librum
1388 2387 1608 2420 Bamberyensem
1628 2387 1654 2412 A
1671 2386 1741 2411 ideo-

89 2444 140 2469 que
157 2443 279 2462 numeros
291 2443 416 2462 versuum
430 2443 463 2462 ex
474 2436 529 2468 fine
542 2436 602 2461 libri
615 2435 685 2461 tertii
697 2434 807 2460 laudum
823 2434 865 2460 dei
878 2434 1060 2468 adleqatorum
1078 2433 1139 2458 inde
1158 2441 1175 2458 α
1195 2439 1267 2458 versu
1286 2434 1309 2463 3,
1320 2434 1369 2457 632
1383 2430 1496 2455 minores
1509 2437 1561 2455 esse
1580 2429 1742 2462 (plerumque

89 2486 199 2504 numero
217 2481 258 2511 17)
284 2486 365 2511 quam
391 2479 423 2504 in
450 2478 564 2505 editione
591 2481 747 2504 cernantur.
853 2478 881 2510 2)
907 2477 953 2503 hoc
979 2484 1074 2502 nomen
1099 2483 1132 2501 ese
1152 2474 1280 2508 florilegio
1298 2473 1442 2499 Veronensi
1464 2472 1604 2498 rectissime
1627 2471 1742 2498 restituit

89 2521 221 2554 acephalis
243 2522 273 2547 in
291 2521 473 2554 Neapolitano
496 2521 661 2547 carminibus
680 2521 720 2546 W.
735 2521 853 2554 Meyer,
875 2519 937 2545 Sita.
952 2520 1013 2545 Ber.
1029 2517 1287 2547 Berl.Akad.1seo,
1307 2519 1360 2541 267.
1398 2515 1533 2541 Romulea
1552 2517 1640 2540 autem
1660 2516 1737 2546 poeta

89 2564 174 2590 voluit
192 2564 322 2597 appellari
339 2572 394 2590 non
413 2564 492 2597 quasi
509 2564 611 2590 Graeca
623 2563 757 2589 cecinisset
769 2566 817 2589 aut
830 2563 938 2589 Punica
958 2561 1143 2592 Vandalicave,
1163 2560 1208 2586 sed
1225 2567 1294 2592 quae
1307 2561 1401 2592 poetas
1412 2559 1582 2584 imitarentur
1595 2557 1738 2587 Romanos,

92 2615 173 2640 quam
190 2609 271 2633 artem
290 2615 308 2633 a
328 2607 467 2633 Feliciano
480 2607 584 2633 edoctus
602 2609 639 2633 est
658 2606 750 2639 (Rom.
771 2606 864 2632 11117
881 2606 914 2632 de
934 2606 1025 2631 vestro
1045 2605 1128 2633 fonte,
1148 2602 1290 2636 magister,
1310 2601 1472 2627 Romuleam
1491 2601 1581 2626 laetus
1602 2608 1678 2625 sumo
1692 2607 1741 2632 pro

91 2650 202 2676 flumine
229 2650 382 2685 linguam),
407 2653 520 2684 fortasse
543 2650 622 2675 etiam
645 2652 675 2675 ut
699 2651 837 2682 opporwret
862 2648 1022 2674 christianis.
1067 2654 1150 2679 neque
1175 2648 1261 2670 tamen
1287 2652 1312 2670 se
1336 2645 1389 2676 ipse
1411 2643 1552 2669 barbarum
1577 2642 1662 2674 fnisse
1679 2641 1741 2667 dicit

93 2693 168 2719 Rom.
187 2693 246 2719 114
263 2696 313 2720 aut
329 2694 449 2727 linquam
469 2693 500 2718 in
517 2692 605 2718 schola
624 2691 728 2717 demum
748 2691 875 2717 Latinam
893 2689 1015 2715 didicisse
1035 2689 1111 2715 Rom.
1133 2688 1186 2714 ΙΙΙ
1196 2691 1232 2719 17,
1252 2686 1323 2719 qnod
1341 2687 1433 2713 conicit
1447 2686 1547 2719 Meyer.
1640 2685 1668 2717 3)
1686 2683 1742 2709 ride

92 2738 181 2762 tamen
195 2744 225 2770 p.
243 2736 291 2764 VI.

1779 1738 2025 1802 DRAggNTI

1779 1815 1834 1841 LI
1832 1814 1960 1840 BROR
1968 1814 2032 1840 VM

1759 1853 2006 1879 TEMPORIB
2013 1852 2059 1878 VS

1792 1910 1823 1934 de
1841 1910 1947 1934 editione

1780 1944 1961 1969 Romuleorum
