2106 3061
716 174 750 199 II.
787 175 898 201 INDEX
918 175 1128 203 VERBORYM.
1680 184 1739 212 337

133 257 268 291 coniugis,
282 258 359 292 inpia
372 258 405 284 de
419 266 455 284 se.
492 257 543 282 IX
550 261 596 284 188
607 258 718 285 domino
730 260 782 285 iam
796 260 897 286 damna.
922 262 924 274 l

135 294 235 326 para-nt
255 292 345 326 (sama)
363 293 396 318 de
410 292 503 318 funere
523 292 552 324 (i.
565 292 699 326 cadavere)
713 295 809 320 tracto.
852 294 895 320 Or.

132 330 183 353 543
196 326 310 352 crimina
326 327 476 360 purgabit.
492 347 497 352 .
513 346 518 352 .
532 326 566 352 de
579 328 703 360 tempore
717 328 806 361 prisco
821 329 897 360 quasi
922 333 923 357 1

131 363 214 394 yenet.
250 361 283 387 de
296 369 346 394 seq.
366 361 504 386 enuntiato
518 369 538 387 r.
552 361 609 387 ind.
621 369 730 394 yramm.
745 362 792 387 sub
810 362 896 395 ‘prae-

155 394 246 421 ositio‘.

97 404 277 463 deltaecho]
302 429 371 462 Bag.
395 436 416 454 0.
436 437 495 461 app.
515 432 582 457 204
610 430 703 456 hostes
727 430 895 456 debacchare

135 465 198 489 tuos
217 464 235 489 i.
254 464 336 489 hostes
355 463 509 489 bacchantes
529 471 625 489 eruere
642 464 740 495 furore.

97 497 245 531 debello]
265 501 289 529 3,
303 501 351 524 457
368 497 506 524 debellare
526 498 596 530 (101)-
615 498 694 531 trad.)
714 498 837 524 rebelles

98 532 213 564 debeo]
244 532 313 558 Mer.
336 539 410 564 pros,
436 536 448 557 1
467 532 493 558 B
513 536 543 558 17
569 532 677 566 (d)ebet
707 541 784 559 nosse
814 541 895 565 quem

135 565 265 599 loquitur.
303 570 318 592 2
330 567 355 591 Α
371 570 388 592 8
407 568 513 599 quanta
526 566 578 592 tibi
593 588 598 592 .
614 587 619 593 .
634 587 640 593 ,
654 567 776 600 praemia
790 566 896 600 deb(e>-

133 603 226 626 antur.
270 600 352 627 Drac.
378 604 401 632 2,
419 604 465 627 183
493 601 544 626 tibi
570 601 670 627 debent
700 602 793 628 omnia
823 601 895 634 quod

135 637 212 665 sunt,
237 636 268 660 tu
292 637 386 660 tamen
410 634 469 668 ipse
489 635 562 668 quod
582 644 609 662 es
628 636 698 661 nulli
718 636 816 662 debere
836 645 896 669 pro-

136 669 208 695 baris
237 672 264 695 et
292 670 369 702 quasi
399 669 446 702 qui
474 669 556 695 debes
584 670 622 695 sic
650 671 777 696 omnibus
804 671 896 696 omnia

134 703 234 729 reddis.
278 707 301 735 2,
315 707 360 729 261
388 713 435 730 cur
462 712 516 730 non
545 704 689 730 debuimus
717 725 722 730 .
744 725 748 730 .
769 725 773 730 .
802 705 896 738 peiora

134 738 240 766 mereri.
287 742 310 770 2,
329 741 377 764 337
404 747 452 764 cur
483 747 538 764 non
566 739 694 772 graviora
721 739 818 765 mereri
844 759 848 764 .
866 759 871 764 .
890 759 895 764 .

134 772 289 798 debuimus
343 773 414 806 Euy.
429 780 450 798 c.
464 776 527 804 25,3
540 773 663 799 Christus
677 774 754 799 vobis
770 773 896 799 dimittat

134 807 236 832 debita.

98 841 239 874 debilis]
257 840 318 866 V91
338 841 449 874 quanda
469 861 474 866 .
489 861 494 867 .
510 861 514 866 .
535 841 587 867 erit
607 862 612 868 .
628 862 633 867 .
648 861 653 867 .
673 841 772 867 debilis
785 842 895 868 audax?

142 875 222 901 V173
241 875 340 900 debilis
359 877 400 900 est
419 883 532 908 pauper.

98 909 276 942 debilitas]
296 912 343 935 sal.
357 913 405 935 217
419 909 549 936 debilitas
565 917 710 942 puerorum
722 910 896 941 feminarum-

133 952 190 976 que.
228 944 277 969 IX
292 947 307 970 9
325 944 455 969 debilitas
474 952 542 977 quos
561 945 634 970 lassa
653 944 761 977 premit.

98 978 249 1012 debitor]
268 982 288 1009 1,
303 982 351 1004 401
370 978 471 1011 accipit
490 980 518 1004 et
536 978 623 1010 fenus,
643 987 704 1004 cum
723 987 778 1004 non
798 979 834 1004 sit
852 979 896 1005 de-

135 1013 208 1038 bitor
236 1013 317 1038 ullus.
367 1016 390 1043 3,
409 1015 439 1039 35
467 1012 576 1039 debitor
608 1015 721 1046 exoptat
749 1013 895 1039 millesima

133 1047 247 1073 reddere
266 1047 349 1073 lucra.

99 1081 138 1108 de
147 1082 226 1107 cant
235 1082 259 1114 o]
276 1086 294 1113 1,
304 1085 354 1108 258
366 1081 455 1107 varias
469 1081 601 1107 decantat
614 1082 727 1114 garrula
740 1090 818 1108 voces
832 1082 895 1108 ozris.

98 1115 235 1148 decedo]
255 1115 380 1142 V111415
397 1116 546 1142 decedente
561 1116 604 1142 die
618 1117 707 1142 noetis
720 1117 896 1143 venientibus

134 1150 246 1176 umbris.

98 1184 117 1210 d
127 1184 264 1210 ecennal
274 1184 309 1217 is]
326 1184 370 1210 Or.
379 1188 429 1210 507
441 1184 543 1218 praedo
557 1184 715 1210 decennalis
726 1185 895 1218 Agamemno.

98 1218 270 1252 deceptor]
296 1218 366 1252 Euy.
385 1226 405 1244 0.
424 1222 466 1249 25,
479 1222 511 1245 23
530 1219 621 1245 luteae
645 1219 789 1253 deceptrix
807 1220 896 1253 gloria

134 1253 216 1279 vitae.

99 1287 255 1320 decerno]
278 1286 322 1313 Or.
335 1291 384 1313 947
401 1287 512 1313 decreta
525 1287 614 1313 deum.
652 1288 723 1322 Euq.
739 1288 795 1313 hem.
805 1288 896 1321 praef.

132 1330 201 1355 pros.
216 1325 245 1347 13
264 1321 459 1354 decretumque
479 1322 570 1348 divale
589 1321 622 1347 cle
641 1322 684 1348 VI
697 1322 793 1348 diebus.

98 1356 206 1389 decet]
234 1359 257 1386 3,
275 1359 323 1382 143
348 1356 428 1382 decet
455 1357 624 1389 promittere.
674 1359 722 1382 sat.
743 1360 788 1382 101
816 1366 896 1390 quem

135 1391 215 1417 decet
230 1398 287 1416 esse
302 1390 462 1424 benignum.
497 1391 539 1416 VI
546 1394 578 1416 24
591 1392 689 1424 sponte
703 1391 796 1417 venire
810 1392 896 1423 decet,

134 1434 189 1451 non
206 1427 233 1450 te
248 1425 327 1451 decet
343 1425 382 1450 ire
392 1426 519 1458 rogatam
530 1425 574 1458 (X
583 1426 632 1458 27).
658 1425 719 1451 VII
726 1428 774 1451 130
787 1434 897 1459 poscere

136 1468 220 1492 quem
239 1459 347 1485 veniam
362 1460 463 1485 decuit.
505 1459 581 1485 VIII
591 1462 638 1485 263
656 1460 796 1486 insinuare
810 1461 896 1486 decet.

139 1494 169 1519 X
187 1498 218 1520 15
246 1494 313 1520 haec
341 1495 432 1519 vatem
461 1494 565 1520 nescire
593 1494 680 1520 decet.
730 1494 774 1520 Or.
787 1499 836 1521 596
859 1495 898 1520 sic

134 1528 229 1554 decuit
247 1549 252 1554 .
272 1548 278 1554 .
292 1548 298 1554 .
318 1528 417 1554 dolere.
462 1536 512 1554 ros.
532 1532 562 1554 12
589 1529 628 1554 sic
656 1529 750 1555 decuit
777 1529 898 1555 doluisse

133 1563 223 1589 deam.
311 1565 390 1588 nota.-
412 1562 488 1588 VIII
500 1565 550 1589 338
569 1572 653 1596 quam
670 1563 768 1589 melius
781 1572 898 1597 regnare

134 1597 215 1623 decet
232 1597 277 1622 nbi
295 1597 393 1622 melius
416 1597 582 1630 iunyendnm
606 1606 665 1623 cum
689 1598 775 1624 decet.
848 1606 897 1631 seq.

134 1633 178 1657 ut:
202 1631 282 1657 17286
295 1631 333 1657 310
347 1631 425 1657 decet
442 1633 474 1657 ut
493 1652 498 1657 .
513 1651 519 1657 .
534 1651 540 1657 .
559 1640 641 1658 ames.
711 1635 761 1658 sat.
776 1636 825 1659 120
843 1641 898 1658 non

134 1666 216 1692 decet
242 1666 284 1691 ira
311 1665 396 1699 pium.
443 1666 536 1691 X417
563 1675 618 1692 non
650 1667 729 1692 decet
756 1666 797 1692 ira
825 1667 897 1693 deos.

135 1700 214 1726 1137
231 1700 304 1726 frons
324 1700 429 1726 nudata
448 1701 527 1727 decet
545 1701 600 1726 scil.
619 1701 748 1727 Amorem.
796 1701 842 1727 IX
854 1705 899 1727 126

135 1736 163 1761 te
182 1755 188 1761 .
202 1754 227 1761 ..
247 1735 301 1760 ista
320 1735 439 1761 decent?
476 1743 554 1761 mens.
565 1738 598 1762 20
610 1735 805 1769 rusticitasque
820 1736 898 1762 decet

133 1788 140 1795 .
159 1789 164 1795 .
185 1790 191 1796 .
214 1769 284 1802 plus.
333 1769 377 1795 Or.
399 1773 450 1795 905
477 1769 557 1795 decet
584 1770 654 1796 ultio
682 1770 746 1795 talis
774 1771 898 1796 Athenas

149 1806 173 1836 3,
187 1807 235 1829 546
251 1804 322 1835 falso
340 1804 437 1830 deceat
457 1804 504 1838 BJ.
583 1807 663 1830 nota.-
685 1808 709 1836 3,
722 1808 771 1831 478
794 1805 899 1831 faciant

134 1837 209 1871 quod
239 1838 356 1864 honesta
386 1838 465 1864 decet
494 1838 611 1871 femina,
647 1839 821 1871 personaliter
849 1847 898 1872 pro

135 1872 280 1898 honestam
295 1872 380 1898 decet.
441 1876 523 1903 2,452
536 1873 642 1906 pallore
656 1873 774 1900 decenti.
806 1874 836 1900 X
848 1878 899 1901 249

136 1908 265 1932 matrona
283 1907 389 1933 decens.
429 1907 521 1933 X369
540 1909 607 1933 nata
625 1907 733 1934 decens.

99 1940 247 1973 decima]
266 1941 338 1974 Enq.
357 1949 379 1967 0.
397 1949 458 1974 app.
472 1945 500 1967 11
519 1941 553 1967 (10
571 1941 684 1968 decimis
695 1942 801 1968 dandis.
838 1947 874 1974 11,
886 1947 898 1968 1

135 1975 171 2001 da
189 1975 310 2001 decimas
329 1975 448 2002 domino.

99 2009 247 2043 decipio]
273 2010 340 2036 Mer.
371 2010 468 2036 Christ.
491 2012 522 2036 13
550 2010 666 2044 decepta
778 2013 898 2045 pectora..

134 2044 219 2070 Drae.
244 2047 267 2075 2,
284 2048 332 2070 317
356 2044 465 2078 decepti
495 2045 591 2070 fraude
618 2045 732 2071 clientes
759 2046 804 2078 (cf.
825 2046 898 2079 Ver-9.

135 2079 203 2104 Aen.
221 2082 244 2108 5,
259 2080 327 2110 851).
365 2079 418 2104 III
426 2082 455 2105 13
474 2087 541 2112 ager
559 2079 699 2112 deceptus.

100 2112 247 2146 declino]
266 2113 316 2138 IX
328 2117 371 2139 161
390 2115 422 2139 ut
441 2113 538 2139 Martis
558 2113 680 2140 declinet
699 2123 767 2148 opus
786 2114 874 2140 Paris.

100 2147 267 2181 decoctio]
293 2147 364 2180 Euq.
387 2156 408 2174 0.
431 2156 494 2181 app.
514 2151 551 2180 25,
566 2151 582 2174 3
600 2149 660 2174 auri
685 2148 809 2175 decoctio
829 2158 898 2182 pura

134 2181 152 2207 i.
171 2189 270 2206 aarum
288 2181 459 2215 decoquenda
477 2190 564 2208 massa
578 2185 715 2215 paralum.

99 2214 119 2240 d
127 2223 141 2241 e
149 2224 184 2242 co
193 2216 213 2248 r]
231 2216 365 2242 V111487
374 2217 456 2242 turba
468 2236 473 2242 .
484 2237 489 2243 .
501 2237 506 2242 .
517 2217 639 2251 Phrygio
652 2218 794 2244 succincta
804 2218 900 2244 decore

135 2250 250 2310 iane-ste.
292 2250 427 2278 V111501
453 2252 529 2277 fusus
557 2253 673 2285 uterque
701 2252 781 2278 decor
808 2253 900 2285 pallor

133 2292 148 2309 r
183 2292 270 2317 orqne.

98 2317 234 2352 decoro]
255 2323 275 2351 1,
289 2322 340 2345 250
359 2319 408 2345 has
426 2319 524 2353 lingua
547 2320 659 2346 decc->rat
677 2329 746 2347 aves.
793 2320 837 2347 Or.
851 2324 899 2347 332

136 2361 202 2379 auro
222 2353 386 2380 decorantur
403 2353 528 2381 honesta.

99 2386 252 2421 decorus]
280 2391 304 2420 2,
323 2392 368 2414 777
394 2388 587 2422 quodcumque
618 2389 754 2416 decorum.
804 2392 826 2422 3,
850 2393 899 2415 700

136 2423 220 2455 caput
239 2442 263 2448 ..
280 2442 285 2448 .
305 2422 338 2448 de
357 2422 432 2448 crine
451 2422 588 2449 decorum.

99 2455 199 2482 decre
208 2456 270 2490 sco]
286 2461 305 2487 1,
319 2459 364 2483 737
373 2457 441 2482 luna
454 2457 626 2484 decrescente
640 2458 800 2484 decrescant
812 2465 898 2491 aquae

136 2491 184 2522 (cf.
202 2493 250 2516 sat.
263 2492 333 2524 240).
375 2491 447 2524 Euy.
465 2499 487 2517 e.
508 2496 528 2524 7,
539 2495 555 2518 3
573 2493 706 2519 decrescit
725 2500 805 2519 seusu
824 2493 898 2518 homo

134 2532 224 2550 υονακ.

100 2557 282 2592 decretum]
301 2568 323 2586 r.
343 2560 468 2586 decerno.

99 2592 251 2627 decurro]
269 2598 292 2625 2,
304 2597 351 2620 134
364 2594 461 2620 solitus
475 2594 618 2621 decurrere
632 2595 711 2627 (disc-
725 2595 762 2629 Β)
776 2595 896 2629 sanguis.

136 2626 205 2660 Euq.
230 2628 287 2654 heae.
312 2632 359 2654 252
381 2629 495 2662 paribus
519 2629 662 2655 decurrere
686 2630 776 2662 (00110-
801 2629 895 2663 Drac.)

134 2663 215 2687 votis.

99 2694 182 2722 decu
190 2696 211 2730 s]
231 2697 298 2723 Mer.
314 2699 383 2729 poet.
397 2701 440 2723 115
453 2697 500 2723 leti
516 2697 606 2724 decus.
645 2701 688 2724 135
702 2698 805 2724 mirans
818 2698 896 2732 pueri

137 2730 228 2757 decus.
253 2731 338 2757 Drac.
349 2734 398 2757 sat.
408 2734 440 2757 32
449 2734 511 2764 post
522 2731 604 2758 decus
614 2732 725 2766 imperii
735 2733 780 2764 (cf.
789 2732 896 2765 Coripp.

136 2765 203 2790 Just.
224 2770 244 2797 1,
258 2769 310 2792 149.
330 2768 385 2792 353.
422 2766 523 2792 Alevin.
542 2774 562 2792 0.
583 2771 603 2798 1,
618 2770 658 2793 26.
684 2770 724 2798 82,
737 2768 764 2800 2)
787 2767 857 2800 Eua.
876 2775 895 2792 0.

133 2807 196 2832 app.
209 2803 242 2825 29
262 2808 315 2825 non
335 2808 392 2826 esse
411 2800 501 2826 decus.
521 2800 568 2826 sed
587 2800 741 2835 <de)decus.

204 2852 364 2877 SCRIPTORES
383 2854 572 2881 Anrromssrm
590 2854 657 2878 XIV.
673 2853 694 2877 1.

949 261 1113 295 dedecus]
1135 265 1158 293 2,
1172 266 1219 287 272
1238 271 1286 295 pro
1305 263 1422 289 dedecus
1441 265 1546 298 ingens.

950 295 1107 333 dedigno]
1128 296 1175 321 IX
1185 300 1216 321 28
1235 297 1360 323 (1111110103
1374 300 1422 324 aut
1436 319 1440 324 .
1453 319 1458 325 .
1470 319 1474 324 .
1488 308 1569 325 urnas
1587 301 1740 334 dedignant

983 338 1100 355 animae.
1142 331 1173 361 cf.
1191 330 1353 364 Corpyloss.
1374 332 1411 357 ΙΙ
1419 336 1476 364 233,
1491 338 1517 359 11
1537 335 1655 367 dediguo
1675 336 1739 361 ἀπα-

984 364 1040 393 ξιῶ.
1103 364 1174 402 Eug.
1193 365 1249 403 hex.
1265 369 1354 399 praef.
1369 369 1434 398 poet.
1451 370 1483 392 23
1501 377 1548 393 cur
1567 369 1739 402 dedignetur.

984 398 1057 430 quod
1077 418 1082 424 .
1097 418 1102 423 .
1117 418 1122 423 .
1142 399 1236 431 piavi?

950 431 1093 489 ded1uco]
1114 436 1136 463 2,
1152 436 1198 458 795
1216 435 1366 467 exutosque
1387 434 1451 468 iugo
1472 436 1587 462 deduxit
1606 446 1652 470 per
1667 446 1739 463 mare

984 475 1014 491 ru
1024 475 1103 491 Jrum.

950 499 1106 534 defendo]
1122 503 1146 532 2,
1156 504 1205 526 758
1218 501 1313 534 inopes
1327 502 1488 529 defenderit.
1524 508 1547 535 2,
1559 508 1602 530 765
1615 505 1740 531 defensus

983 534 1072 567 1110113.
1116 537 1139 567 3,
1157 538 1205 561 309
1227 536 1363 568 chelydri,
1390 537 1514 563 defendit
1539 547 1606 571 quos
1633 540 1739 565 flamma

983 577 1092 594 nocens.

949 602 1115 635 defensio]
1140 607 1160 634 1,
1182 606 1230 629 729
1253 612 1314 637 spes
1339 606 1367 630 et
1394 604 1514 631 defensio
1544 606 1641 639 pressis
1671 606 1739 632 deus.

983 640 1006 668 2,
1021 640 1070 663 695
1090 637 1177 663 maior
1196 638 1317 664 defensio
1337 639 1436 671 pressis
1455 639 1526 665 dens.

949 671 1122 705 defensor]
1158 675 1181 703 3,
1197 676 1243 698 658
1275 673 1401 699 defensor
1430 673 1597 700 Dracontius
1629 677 1740 708 toyatus.

989 705 1071 731 11198
1089 705 1164 732 urbis
1183 707 1308 733 defensor
1326 707 1451 734 habetur.

949 739 1075 773 defero]
1100 741 1168 766 Mer.
1190 749 1260 773 pros.
1279 745 1294 767 2
1307 742 1334 767 Β
1347 745 1360 767 7
1383 741 1516 775 (d)elatus
1539 742 1567 768 in
1652 743 1740 769 litoris

984 774 1082 800 sinum.
1118 775 1202 801 Drac.
1223 775 1280 800 VII
1290 779 1337 802 128
1350 776 1422 802 mala
1435 785 1510 802 mens
1524 777 1651 809 hominis,
1671 786 1741 810 quae

983 808 1086 834 detulit
1111 817 1156 834 ore
1181 809 1312 842 maligno.
1357 810 1428 843 Ezty.
1452 819 1471 837 0.
1497 814 1535 844 21,
1550 815 1582 837 24
1608 812 1655 844 (101
1679 812 1741 838 vivo

983 845 1094 875 gratum
1113 843 1215 869 detulit
1233 844 1401 877 obsequium.

950 877 1111 910 defessus]
1141 877 1189 902 IV
1207 882 1221 903 7
1247 878 1366 904 defessus
1399 879 1491 904 anheli
1519 879 1614 905 sideris
1643 889 1740 906 occasu

984 911 1105 944 Iuppiter
1124 911 1188 945 [Or.
1202 915 1250 938 310
1269 913 1387 938 defessas
1407 913 1456 946 AJ.

950 945 1086 979 deficio]
1108 949 1157 972 sat.
1176 949 1225 972 235
1252 949 1374 980 tempore
1403 947 1468 973 luna
1496 956 1544 974 suo
1573 949 1670 975 crescit
1698 950 1739 975 vel

984 980 1077 1006 deficit
1094 980 1167 1007 orbe.

950 1014 1072 1048 defigo]
1097 1015 1166 1040 Mer.
1182 1023 1253 1047 pros.
1273 1019 1288 1041 2
1306 1015 1332 1041 Β
1350 1019 1381 1041 24
1402 1016 1531 1049 (d>efixus
1555 1038 1559 1042 .
1577 1037 1582 1042 .
1601 1037 1606 1042 .
1632 1018 1741 1043 horrore

984 1049 1077 1074 subito
1096 1057 1149 1075 rex.
1186 1049 1266 1075 Drac.
1287 1049 1416 1075 V111619
1435 1052 1576 1083 spectatur
1594 1051 1628 1076 ab
1647 1052 1742 1077 arbore

984 1085 1098 1116 myrtusy
1118 1092 1201 1116 quam
1215 1092 1329 1117 sponsus
1343 1084 1445 1109 defixit.
1483 1085 1533 1110 IX
1546 1088 1594 1111 165
1614 1086 1741 1111 carnibus

985 1137 990 1143 .
1002 1138 1007 1143 .
1019 1138 1024 1143 .
1039 1117 1161 1150 defigent
1174 1119 1275 1144 oscula.
1310 1118 1354 1144 Or.
1365 1122 1413 1144 230
1426 1118 1546 1151 defigens
1560 1119 1637 1145 basia
1651 1120 1740 1145 labris.

950 1151 1113 1184 deflecto]
1138 1152 1181 1178 Or.
1195 1155 1242 1178 399
1261 1152 1366 1178 ossibus
1392 1155 1420 1179 et
1443 1154 1534 1179 nervis
1559 1154 1676 1180 deflexos

984 1195 1071 1212 arcus.
1106 1187 1140 1217 cf.
1159 1190 1224 1212 nota
1242 1187 1277 1212 acl
1296 1187 1311 1212 ἶ.

950 1221 1071 1254 defleo]
1091 1224 1113 1253 2,
1124 1225 1173 1247 546
1187 1221 1276 1254 legem
1291 1221 1387 1247 violari
1402 1222 1491 1248 deflet.
1528 1226 1550 1255 2,
1562 1226 1608 1248 674
1621 1223 1741 1248 sterilem

985 1255 1134 1281 defleverat
1145 1257 1224 1281 Anna
1235 1255 1402 1282 *mati-icem.
1432 1259 1455 1287 3,
1463 1259 1514 1282 403
1527 1257 1636 1282 deflevit
1647 1257 1742 1282 funera

985 1290 1052 1315 nati.
1095 1289 1119 1315 V
1136 1293 1184 1315 289
1211 1290 1289 1316 dolor
1316 1290 1370 1316 ista
1396 1290 1475 1316 daret
1502 1291 1633 1317 deflendis
1662 1292 1741 1316 verba

985 1324 1111 1356 querelis.
1149 1324 1197 1349 IX
1209 1328 1254 1350 175
1280 1333 1395 1357 puerum
1421 1325 1519 1350 deflere
1538 1325 1618 1351 docet
1633 1328 1742 1358 patrem.

990 1358 1035 1383 Or.
1048 1361 1095 1384 862
1113 1358 1215 1384 deflent
1234 1358 1404 1391 (deplectent
1423 1359 1460 1391 B)
1480 1367 1572 1385 omnes
1596 1359 1717 1385 Orestem.

951 1392 1096 1426 defloro]
1118 1397 1138 1424 1,
1153 1396 1203 1419 589
1221 1395 1313 1418 ventus
1331 1393 1446 1419 deflorat
1464 1393 1569 1419 fructus
1589 1395 1616 1420 et
1636 1394 1745 1420 decutit

986 1428 1082 1453 arbore
1101 1427 1187 1454 flores.
1223 1428 1256 1458 ef.
1278 1430 1340 1453 nota
1358 1427 1413 1453 crit.

952 1461 1074 1494 defluo]
1096 1461 1170 1495 Eulq.
1189 1469 1208 1487 c.
1230 1465 1267 1492 14,
1283 1465 1315 1488 94
1336 1462 1470 1496 languida
1495 1462 1597 1488 morbis
1617 1471 1680 1488 caro
1699 1462 1744 1488 de-

986 1496 1096 1521 fluebat.

952 1530 1028 1556 defo
1035 1530 1100 1561 dio]
1121 1535 1141 1560 1,
1152 1534 1201 1556 505
1219 1538 1272 1555 non
1287 1530 1393 1556 defossa
1407 1530 1499 1563 prodit
1512 1531 1610 1556 tellure
1624 1531 1744 1557 metalla.

1025 1564 1068 1590 Or.
1087 1568 1135 1590 310
1162 1572 1204 1590 res
1227 1565 1351 1590 Danaum
1381 1564 1500 1590 defossas
1529 1566 1613 1597 (-ossa
1637 1565 1672 1596 B,
1699 1565 1744 1591 de-

986 1599 1069 1624 fessas
1089 1600 1134 1630 A).

952 1633 1122 1666 deformis]
1144 1637 1164 1665 1,
1174 1635 1223 1658 337
1234 1632 1314 1658 limus
1328 1632 1417 1658 adhuc
1432 1632 1560 1658 deformis
1576 1635 1634 1659 emt
1648 1633 1743 1659 Adam.

986 1667 1080 1693 11133
1099 1667 1228 1693 deformis
1246 1666 1339 1699 imago
1358 1675 1414 1692 non
1432 1666 1503 1693 bella.

952 1701 1142 1734 defunctus]
1164 1707 1183 1733 1,
1198 1704 1247 1727 683
1266 1701 1398 1727 defuncta
1417 1701 1531 1727 renasci.

952 1736 1049 1770 dego]
1072 1736 1101 1761 X
1114 1740 1161 1762 250
1180 1735 1284 1761 caelibe
1304 1735 1362 1761 vita
1381 1735 1458 1768 degis
1477 1735 1575 1761 adhuc.

952 1771 1073 1804 deicio]
1100 1775 1120 1800 1.
1137 1773 1182 1796 739
1211 1770 1297 1796 deicit
1324 1770 1410 1795 elatos
1439 1771 1466 1795 et
1493 1770 1594 1801 mergit
1621 1770 1654 1795 ab
1683 1778 1744 1796 arce

986 1805 1126 1838 superbos.
1162 1807 1210 1830 sat.
1226 1808 1273 1830 146
1292 1812 1337 1830 ore
1350 1803 1503 1830 verecundo
1518 1804 1638 1830 deiciens
1652 1805 1744 1830 oculos

987 1840 1031 1865 leo.
1071 1839 1159 1865 Χ394
1180 1838 1315 1872 (a)stabat
1334 1838 1442 1864 deiecta
1461 1839 1552 1864 oculos
1572 1839 1675 1864 Medea.

952 1874 1039 1907 dein]
1068 1874 1139 1907 Euy.
1164 1873 1249 1905 praef.
1277 1873 1335 1899 lzea'.
1362 1875 1434 1898 metr.
1452 1876 1467 1898 8
1495 1873 1558 1898 dein
1583 1875 1743 1906 prostratus.

986 1916 1041 1940 ατς.
1060 1909 1146 1938 satisf.
1161 1912 1177 1933 4
1196 1907 1268 1933 dein.

952 1942 1082 1975 deinde]
1104 1942 1176 1975 Euo.
1194 1943 1303 1967 monost.
1316 1944 1349 1966 29
1368 1941 1455 1966 altem
1474 1941 1580 1966 deinde.

952 1977 1094 2010 delecto]
1115 1977 1182 2002 Mer.
1198 1983 1272 2008 pros.
1294 1978 1309 2000 2
1323 1975 1349 2000 Β
1361 1979 1375 2000 5
1395 1975 1496 2001 veritas
1515 1976 1576 2008 ipsa.
1595 1975 1723 2001 delectat.

952 2011 1204 2044 deliberativa]
1228 2010 1277 2035 IX
1288 2010 1326 2037 trit,
1350 2009 1533 2035 deliberativa
1558 2009 1684 2036 Achillis.
1709 2018 1744 2035 an

987 2054 1084 2078 corpus
1103 2045 1228 2071 Hectoris
1247 2044 1356 2070 vendat.
1393 2044 1491 2070 subscr.
1511 2044 1693 2069 deliberativa
1713 2045 1744 2069 A.

987 2080 1166 2105 deliberantis
1186 2088 1208 2105 a.
1229 2088 1250 2105 c.
1270 2079 1302 2104 H.
1322 2087 1346 2103 V.
1366 2077 1548 2104 dubitarercmz
1566 2086 1630 2103 num
1649 2078 1744 2104 titulus

984 2123 1051 2147 prae
1071 2122 1096 2139 se
1120 2116 1200 2147 ferret
1220 2113 1365 2145 yenninctm
1388 2113 1513 2144 formam,
1538 2113 1662 2145 qnoniam
1681 2120 1744 2138 nns-

986 2157 1066 2181 qnam
1087 2149 1117 2173 in
1138 2148 1255 2174 carmine
1278 2148 1333 2179 <ipse
1356 2146 1470 2172 Achilles
1494 2147 1642 2172 deliberans
1665 2146 1743 2172 indn-

986 2184 1062 2209 citur.
1107 2183 1169 2208 haec
1192 2182 1336 2214 adscripsit
1359 2181 1495 2206 Bzielzeler:
1520 2181 1634 2207 “ridetur
1652 2182 1744 2212 infima

987 2220 1070 2243 aetate
1087 2225 1140 2243 usn
1153 2217 1288 2249 abzcsuque
1307 2215 1376 2241 rocis
1392 2215 1546 2241 scholastico
1564 2215 1745 2242 deliberativa

988 2251 1102 2277 Achillis
1122 2251 1301 2277 deliberantis
1314 2250 1432 2282 potuisse
1449 2250 1503 2275 diez·
1514 2250 1640 2275 rhetorica
1653 2250 1745 2276 caverci-

986 2287 1051 2311 tatio
1069 2286 1098 2311 in
1118 2294 1172 2318 qna
1184 2285 1301 2311 Achilles
1320 2286 1454 2309 tractatur
1466 2284 1670 2317 deliberatioqne
1688 2285 1745 2310 eius

987 2321 1135 2353 arqnmenti
1159 2328 1215 2345 non
1241 2327 1272 2345 eoe
1295 2319 1380 2351 ipsius
1405 2318 1449 2344 sed
1474 2319 1552 2344 etiam
1576 2327 1608 2344 em
1631 2319 1745 2344 aliorum

983 2363 1107 2387 persona.
1136 2354 1305 2380 memineram
1314 2353 1465 2386 Euyraphii
1473 2353 1638 2379 commentati
1650 2353 1745 2378 Teren-

986 2390 1075 2414 &ianas
1097 2389 1218 2420 fabulas:
1246 2389 1276 2413 'in
1296 2387 1463 2413 Plzorm'ionis
1485 2395 1581 2413 scaena
1601 2388 1659 2413 114
1678 2395 1744 2413 com-

983 2424 1073 2456 plures
1086 2423 1252 2448 inducantur
1262 2429 1396 2455 personae,
1414 2422 1468 2447 ille:
1487 2422 1553 2447 haec
1567 2430 1664 2447 scaena
1677 2421 1744 2447 deli-

987 2457 1139 2483 berativam
1159 2459 1249 2489 tenet,
1269 2456 1406 2482 deliberat
1425 2456 1496 2481 enim
1517 2465 1597 2482 senex
1684 2456 1744 2482 ideo

986 2492 1142 2517 sententiae
1166 2491 1200 2517 ab
1224 2491 1366 2517 advocatis
1386 2499 1440 2516 una
1460 2490 1656 2521 dissuadentis,
1685 2498 1745 2523 per-

986 2526 1128 2552 suadentis
1142 2526 1237 2552 altera.
1274 2525 1358 2551 tertia
1377 2545 1383 2551 .
1398 2546 1402 2550 .
1418 2545 1423 2551 .
1441 2525 1471 2550 ‘in
1483 2524 1605 2550 Andriae
1618 2525 1659 2550 15
1678 2525 1744 2550 haec

986 2569 1085 2586 scaena
1104 2560 1333 2586 deliberationem
1352 2559 1436 2585 habet
1455 2579 1481 2585 ..
1496 2580 1502 2586 .
1522 2559 1658 2585 deliberat
1678 2559 1744 2592 quid

985 2595 1077 2621 faciat.
1118 2595 1163 2620 hic
1181 2602 1274 2620 omnes
1298 2593 1499 2620 deliberativae
1524 2595 1615 2626 partes
1634 2598 1699 2619 sunt
1718 2594 1745 2618 et

985 2629 1020 2655 ab
1040 2629 1099 2663 ipso
1119 2629 1166 2662 qui
1186 2629 1322 2655 deliberat
1334 2630 1545 2661 percurruntur;
1566 2636 1658 2653 verum
1678 2635 1745 2660 quo-

985 2664 1060 2689 niam
1080 2663 1186 2697 optima
1205 2662 1368 2688 deliberatio
1388 2663 1430 2688 est
1449 2662 1492 2688 cui
1511 2662 1582 2688 alius
1601 2669 1745 2695 persuasor

986 2697 1099 2729 accedit,
1119 2698 1220 2723 idcirco
1234 2697 1319 2730 Mysis
1338 2696 1442 2722 ancilla
1461 2704 1589 2729 praesens
1603 2696 1745 2722 invenitur

986 2740 1035 2765 eqs.
1073 2732 1128 2757 iam
1151 2733 1240 2757 Inren.
1267 2735 1287 2763 7,
1301 2734 1348 2757 162
1368 2730 1509 2756 Hannibal
1536 2730 1682 2759 deliberat.
1709 2738 1744 2755 au

986 2768 1064 2800 petat
1083 2766 1177 2792 urbem
1197 2774 1214 2792 a
1233 2765 1333 2791 Cannis
1355 2764 1402 2790 hoc
1420 2764 1494 2790 modo
1512 2763 1744 2797 inteopretamlum

984 2808 1072 2827 censeo
1089 2808 1144 2826 non
1163 2800 1240 2833 quasi
1259 2800 1312 2832 ipse
1326 2799 1468 2824 Hannibal
1484 2806 1566 2824 seeum
1586 2798 1744 2829 deliberarit,

1507 2850 1539 2875 43
