2106 3061
330 195 370 225 66
823 187 1022 216 DRACONTH
1059 186 1106 214 DE
1125 184 1303 213 LAvavs
1322 184 1379 211 DEI
1411 184 1431 211 1.
1451 183 1476 210 11

826 279 859 308 et
882 275 974 308 nobis
997 277 1117 306 vexata
1141 274 1240 313 salus,
1265 272 1386 315 pietate
1410 269 1569 302 medelam

741 327 899 370 inpendes
923 327 986 366 cui,
1011 329 1133 364 sancte,
1158 328 1256 364 tuam,
1281 322 1495 356 medicamine
1518 321 1607 353 nullo

586 390 636 415 745
740 379 825 422 quod
849 379 977 422 speeies
1001 382 1129 409 terrena
1153 380 1255 419 parat,
1278 375 1436 408 sermonis
1459 375 1481 414 †
1503 372 1618 404 adestu

741 442 816 474 spes
840 430 1006 462 hominum
1032 428 1202 461 intendens
1226 431 1258 459 et
1282 431 1356 458 vota
1380 425 1548 469 precantia
1571 423 1747 466 complens.

741 483 850 526 aspice
875 481 1076 524 despectum,
1100 480 1262 512 deiectum
1287 479 1401 510 attolle
1425 486 1600 520 parumper

741 534 974 576 confusumque
999 533 1084 571 iuva,
1108 532 1184 574 quia
1208 531 1353 574 paenitet
1377 540 1449 561 esse
1474 531 1656 568 nocentem,

741 590 775 617 ut
799 585 924 617 vulcani
949 594 1128 616 memorare
1153 588 1223 614 tuas
1247 582 1306 614 hoc
1331 581 1476 613 carmine
1501 580 1625 620 laudes,

591 647 640 673 750
746 648 825 679 quus
849 641 962 679 potero
987 637 1074 677 (nam
1098 645 1192 666 nemo
1217 635 1302 666 valet
1326 642 1456 665 narrare
1480 635 1608 664 creatus

742 690 792 721 vel
817 688 977 720 modicum
1002 687 1151 719 facientis
1175 688 1281 729 opus),
1306 684 1390 727 quod
1415 694 1506 716 mens
1529 694 1585 716 rea
1609 683 1729 714 clamat

742 743 874 783 pectore
897 744 1032 771 contuso
1056 739 1228 770 lacrimans
1253 741 1286 769 et
1310 747 1388 769 voce
1413 736 1514 772 fideli;

743 792 838 824 obses
861 802 966 824 sermo
991 795 1065 822 tuus
1089 794 1198 822 nostro
1223 800 1297 821 narn
1321 788 1418 820 corde
1443 791 1583 827 tenetur,

744 854 807 886 quo
830 847 862 875 te
886 843 1046 886 promittis
1071 842 1170 874 nimia
1193 842 1316 884 pietate
1340 843 1521 884 parentem.

559 975 721 1019 ‘2:222'22‘33
1083 974 1224 1011 LIBER
1252 974 1283 1010 ΙΙ

595 1032 620 1044 “¹
743 1041 957 1084 Omnipotens
982 1044 1113 1073 aeterne
1138 1041 1229 1079 deus,
1255 1040 1326 1072 fons
1349 1042 1460 1072 auctor
1482 1038 1572 1081 origo

742 1094 891 1125 inventor
913 1093 1040 1135 genitor
1063 1093 1201 1124 nutritor
1224 1095 1330 1124 rector
1353 1094 1476 1123 amator

742 1148 930 1177 cunctorum
954 1155 1037 1186 quae
1062 1143 1200 1176 mundus
1225 1143 1334 1184 habet,
1359 1153 1441 1185 quae
1467 1143 1554 1174 celsa
1577 1141 1735 1184 polorum,

744 1207 826 1239 quae
852 1197 933 1228 caeli
959 1200 1085 1228 secreta
1109 1199 1223 1238 tegunt
1246 1195 1450 1238 produntque
1475 1204 1657 1237 parumper,

605 1249 621 1274 5
691 1248 724 1280 (³)
745 1247 889 1280 sidereus
919 1247 1003 1289 quod
1027 1247 1066 1279 ab
1091 1257 1152 1279 axe
1176 1247 1291 1289 globus
1315 1257 1414 1289 super
1435 1250 1522 1278 astra
1545 1249 1677 1283 rotatur,

741 1299 884 1342 pendula
909 1299 994 1341 quod
1019 1299 1157 1330 tremula
1181 1299 1306 1330 vibrant
1329 1299 1400 1330 face
1426 1298 1534 1330 sidera
1557 1297 1703 1329 flammas

742 1355 774 1382 et
798 1351 912 1382 stellae
937 1351 996 1382 sub
1019 1351 1092 1382 luce
1117 1351 1230 1389 latent,
1255 1350 1314 1382 sub
1340 1353 1434 1382 nocte
1459 1350 1632 1391 refulgent,

743 1403 876 1434 nuntius
901 1412 1036 1433 aurorae
1063 1401 1148 1444 quod
1172 1402 1286 1433 lucifer
1308 1402 1426 1433 emieat
1448 1401 1577 1441 ardens,

744 1457 779 1485 ut
802 1453 893 1496 fugat
915 1456 1003 1485 astra
1026 1453 1103 1496 poli.
1127 1453 1288 1495 fugiturus
1312 1453 1394 1485 lucis
1417 1453 1573 1493 habenas,

592 1514 623 1541 10
680 1515 726 1546 (w)
745 1506 828 1547 quod
855 1505 940 1538 calor
963 1509 1012 1537 est
1036 1505 1123 1544 solis,
1148 1516 1210 1548 quo
1235 1505 1384 1548 splendet
1407 1505 1523 1548 frigida
1546 1505 1622 1537 luna

743 1558 862 1600 partita
887 1568 959 1588 cum
983 1557 1081 1589 fratre
1105 1557 1175 1589 vice
1200 1568 1259 1589 sua
1282 1560 1428 1600 tempora
1450 1558 1604 1597 lustrans,

744 1620 785 1641 ne
809 1609 902 1640 simul
926 1608 1080 1640 invadant
1103 1609 1259 1640 mundum
1281 1609 1350 1642 sine
1375 1610 1447 1641 luce
1471 1609 1625 1641 tenebrae

744 1661 957 1703 credaturque
982 1660 1080 1692 chaos
1103 1661 1210 1703 spatio
1235 1661 1294 1693 sub
1317 1661 1422 1693 noetis
1446 1661 1574 1701 adesse,

745 1713 830 1755 quod
854 1717 888 1744 tu
914 1723 986 1744 cum
1011 1713 1137 1744 faceres
1161 1712 1316 1744 mundum
1339 1713 1456 1745 virtute
1479 1713 1609 1756 negasti
1632 1732 1673 1736 —

594 1773 625 1799 15
679 1773 724 1805 (ιι.)
744 1768 778 1796 tu
803 1764 883 1796 deus
906 1764 1053 1806 inspiras,
1078 1767 1113 1796 ut
1136 1765 1185 1796 sol
1207 1765 1322 1807 auriga
1345 1768 1490 1797 vocetur:

335 1853 361 1876 ιίι
381 1853 403 1877 C
420 1851 555 1877 'HG—750
663 1852 689 1876 in
709 1851 731 1876 A
752 1852 775 1875 ΙΙ
796 1850 878 1876 1—15

438 1903 486 1928 744
514 1903 632 1936 inpendis
658 1903 689 1933 Β,
711 1903 812 1928 correxi
899 1907 942 1928 tua
961 1903 1053 1935 opinor
1157 1901 1207 1929 745
1225 1903 1257 1928 ud
1276 1907 1332 1928 estu
1351 1903 1383 1934 B,
1411 1903 1444 1928 atl
1471 1907 1557 1929 aestus
1580 1903 1660 1937 Euffi,
1685 1905 1803 1938 temptavi
1825 1905 1919 1931 adactu
1941 1906 1981 1931 vel

334 1947 441 1975 adonin
460 1947 519 1971 olim
538 1946 632 1971 conieci
649 1946 695 1978 (cs.
710 1946 778 1971 Ptin.
791 1950 846 1971 nat.
859 1948 899 1976 24,
912 1945 940 1978 4)
958 1950 1031 1978 parat
1049 1947 1172 1971 sermonis
1194 1947 1226 1971 ad
1244 1950 1323 1971 astus,
1343 1954 1401 1978 spes
1419 1955 1468 1979 eqs.
1547 1948 1672 1972 sermonis
1697 1946 1801 1981 (divini)
1827 1949 1859 1974 ad
1881 1952 1980 1974 aestum

337 1991 364 2021 (i.
379 1990 534 2022 cupidinem)
553 1999 590 2023 sp.
604 1989 628 2013 Ιι.
643 1990 658 2014 i.
678 1989 804 2014 Bisclieler
885 1988 933 2014 747
953 1989 1061 2014 :deiectu
1081 1990 1209 2023 :despectu
1228 1990 1259 2021 Β,
1279 1991 1312 2023 cs.
1326 1989 1392 2022 Euq.
1475 1988 1526 2015 748
1545 1990 1712 2024 Couatusque
1732 1991 1754 2017 0
1819 1999 1896 2024 quem
1913 1991 1980 2024 Euq.

370 2032 417 2057 ἰ’-51
439 2033 502 2058 facie
521 2033 572 2058 litis
591 2034 656 2066 uplis
674 2033 699 2058 B

440 2085 576 2110 Lim-:1111
651 2090 708 2118 post
727 2085 749 2116 1,
770 2085 819 2111 754
837 2086 923 2111 eodem
940 2094 1013 2111 versu
1032 2086 1144 2119 Iucipfit)
1163 2085 1263 2118 L(iber)
1282 2088 1306 2112 11
1324 2087 1356 2118 B,
1375 2095 1426 2119 qua
1444 2095 1475 2112 ex
1492 2095 1520 2113 re
1539 2088 1683 2121 explicatur
1700 2088 1770 2120 quod
1786 2087 1901 2113 MVRU
1913 2088 1982 2113 hune

336 2136 434 2153 cermm
463 2131 483 2159 1,
513 2130 556 2152 754
579 2129 693 2160 primum
722 2133 863 2160 posuerunt
891 2129 950 2153 libri
977 2129 1083 2154 alterius
1187 2128 1204 2154 3
1230 2129 1329 2162 que(1n)
1357 2130 1468 2155 muudus
1490 2130 1515 2155 A
1621 2130 1637 2155 6
1661 2131 1767 2157 uibrant
1789 2130 1822 2163 Δ,
1849 2131 1934 2157 uibrnt
1955 2130 1981 2156 B

371 2169 385 2194 'i'
404 2171 531 2203 refulgent
554 2171 588 2195 sic
610 2171 668 2202 ΑΒ,
694 2172 803 2204 refulget
827 2172 960 2203 descripsit
978 2172 1010 2196 M
1093 2171 1110 2197 8
1129 2173 1244 2198 Nuncius
1269 2177 1374 2199 auctore
1393 2174 1417 2198 Β
1435 2178 1457 2199 ει
1477 2174 1500 2198 Α
1528 2173 1566 2206 (ιή
1587 2174 1634 2200 hoc
1659 2179 1743 2200 tamen
1766 2182 1858 2200 aurore
1880 2174 1981 2200 videtur

335 2218 446 2245 coeptum
466 2222 518 2238 cue
537 2214 620 2244 scribi,
639 2218 706 2238 extat
724 2214 846 2246 auctore),
866 2224 931 2239 corr.
947 2215 978 2239 M
985 2216 995 2230 ²
1066 2214 1082 2239 9
1101 2217 1177 2248 sugat
1189 2215 1221 2247 B,
1242 2217 1326 2249 fugiat
1344 2217 1368 2241 A
1440 2215 1473 2242 10
1490 2217 1558 2249 quod
1576 2217 1693 2250 splendet
1704 2217 1818 2243 Arevalo
1836 2217 1980 2243 dubitanter

372 2256 400 2281 11
426 2256 506 2288 cu(ni)
530 2256 630 2287 s(rnt)i·e
654 2257 687 2287 A,
711 2257 792 2288 cu(1n)
812 2262 882 2290 patre
901 2258 926 2282 B
995 2259 1065 2283 uices
1085 2259 1142 2290 AB,
1161 2267 1227 2283 corr.
1243 2259 1335 2284 Grosw
1425 2258 1455 2285 14
1475 2260 1548 2291 Quod
1576 2264 1621 2286 tua
1643 2260 1676 2291 Α,
1704 2261 1761 2292 Quo
1784 2264 1831 2286 tua
1852 2260 1884 2291 B,
1912 2268 1980 2286 corr.

337 2299 449 2324 Arci-alo
519 2301 618 2331 negasti
631 2300 663 2326 A.
682 2308 729 2325 nee
747 2305 804 2325 astu
819 2300 850 2332 B,
869 2301 965 2326 necasti
985 2301 1098 2326 Amata

444 2383 493 2409 744
513 2383 547 2415 cs.
563 2387 584 2416 2,
600 2387 650 2410 607
735 2384 769 2416 cf.
791 2384 895 2418 Cffl'vp-
912 2386 999 2418 praef.
1020 2385 1048 2411 in
1067 2385 1138 2411 laud.
1157 2387 1252 2412 Amisi.
1271 2390 1302 2413 45
1325 2386 1408 2413 verbo
1428 2388 1534 2421 pestem
1557 2387 1605 2422 qui
1629 2387 1775 2415 submovet
1796 2396 1851 2415 uno
1875 2388 1904 2415 et
1921 2387 1980 2414 sine.

340 2434 493 2468 composito
514 2434 694 2461 medicamine
714 2435 826 2462 vulnera
841 2438 919 2462 curat
1006 2438 1056 2464 745
1075 2438 1180 2472 species
1200 2439 1308 2465 terrena
1323 2438 1439 2465 homines
1527 2439 1576 2466 749
1594 2442 1617 2472 3,
1634 2443 1678 2467 719
1696 2441 1727 2466 ut
1745 2448 1851 2467 merear
1868 2440 1980 2466 cantaro

339 2487 401 2511 tuas
422 2494 470 2519 por
488 2485 610 2511 carmina
630 2486 736 2515 laudes.
763 2487 889 2520 quamvis
907 2497 986 2515 nemo
1006 2490 1055 2515 tua
1075 2489 1224 2523 praeconia
1243 2498 1364 2524 congrua
1383 2489 1462 2517 dixit..
1493 2490 1536 2518 VI
1550 2494 1585 2518 32
1608 2492 1640 2518 ut
1657 2491 1766 2519 valeam
1787 2491 1900 2518 cantare
1918 2492 1980 2518 tuos

340 2545 390 2569 per
410 2538 473 2562 vota
494 2536 656 2571 triumphos,
697 2538 740 2563 Or.
756 2542 783 2564 15
801 2539 836 2564 (la
855 2539 963 2566 valeam
982 2549 1132 2568 memorare
1151 2542 1227 2567 nefas

444 2595 547 2621 LIBER
564 2596 587 2621 11
661 2598 672 2623 1
694 2597 780 2623 iS'etIul.
796 2603 816 2630 1,
829 2602 862 2625 60
875 2599 1048 2633 omnipotens
1061 2602 1172 2627 aeterne
1185 2601 1260 2634 deus,
1280 2610 1342 2635 spes
1357 2601 1439 2628 unica
1458 2600 1554 2627 mundi
1625 2601 1642 2628 2
1655 2603 1763 2629 amator
1776 2601 1811 2634 cf.
1824 2601 1887 2635 Sap.
1900 2605 1937 2634 11,
1949 2603 1980 2628 25

373 2647 388 2672 7
418 2652 436 2680 l,
451 2652 500 2673 224
528 2648 602 2674 vlum-
630 2648 717 2675 latent
744 2650 794 2676 sub
818 2651 894 2677 sole.
911 2671 936 2677 ..
962 2652 1051 2679 sidera
1155 2653 1171 2679 8
1194 2653 1264 2685 Vero.
1288 2653 1353 2679 Aen.
1371 2657 1393 2686 6,
1412 2658 1427 2679 5
1450 2653 1553 2680 emicat
1574 2652 1673 2680 ardens
1776 2653 1793 2680 9
1813 2652 1879 2679 Hor.
1899 2660 1978 2679 carm.

338 2702 362 2729 3,
381 2702 419 2730 21,
439 2702 469 2724 2-1
489 2698 552 2724 dum
573 2699 678 2726 rediens
698 2701 777 2734 sugat
796 2704 870 2729 astra
891 2704 1017 2731 Phoebus
1105 2705 1134 2731 11
1156 2704 1243 2731 Sedul.
1261 2708 1344 2738 1‚·.²55
1366 2705 1404 2731 sol
1426 2705 1548 2739 partitur
1571 2713 1632 2731 cum
1657 2705 1739 2731 nocte
1757 2703 1840 2736 vices,
1859 2703 1894 2736 cf.
1914 2703 1979 2731 Vm.

342 2748 417 2776 Fon.
431 2757 511 2775 carm.
526 2755 548 2782 -Ι,
567 2755 585 2782 1,
600 2754 628 2776 21
713 2753 743 2779 13
762 2753 793 2785 cf.
808 2753 918 2780 Ennod.
933 2763 1011 2782 cmm.
1028 2760 1046 2789 1,
1060 2760 1083 2789 6,
1097 2761 1112 2782 9
1131 2756 1272 2783 confusam
1285 2756 1376 2783 ventis
1395 2757 1524 2783 naturam
1544 2755 1657 2791 perdere
1676 2755 1752 2791 leges
1771 2754 1845 2783 iurat
1862 2756 1892 2783 et
1909 2754 1980 2783 anti-

339 2809 422 2833 quum
442 2800 529 2827 credit
547 2801 641 2828 :ult-sse
660 2803 743 2830 chaos
