2106 3061
700 162 849 189 EVGENH
885 162 1135 190 HEXAEMERON
1695 168 1734 197 39

439 257 475 276 ‘285
507 250 592 281 inter
614 252 708 291 prata
731 259 850 290 vagum
873 250 960 280 nullo
984 249 1115 280 custode
1138 260 1196 291 per
1219 250 1348 282 herbas.

357 303 406 329 170
509 301 612 333 instar
634 301 750 332 montis
774 301 899 332 habens
924 300 1045 332 incedit
1068 301 1175 332 bestia
1198 302 1316 337 moles;

508 353 665 396 promitur
688 352 804 394 anguis
828 352 921 383 hians
946 353 1094 393 quatiens
1119 353 1178 384 sub
1203 353 1299 385 dente
1323 365 1483 386 venenum

509 408 542 436 et
564 404 732 435 maculosa
754 403 838 445 repit
862 404 1003 445 squamis
1026 414 1085 446 per
1107 405 1234 436 viscera
1258 416 1390 447 serpens

509 459 579 487 atra
602 465 728 487 venena
751 465 872 486 nocens
896 454 1035 485 missura
1058 465 1075 486 e
1099 455 1227 486 flatibus
1251 456 1314 486 oris

441 514 478 533 2⁹⁰
508 510 541 538 et
564 507 672 538 subito
697 516 849 548 sparsura
872 516 988 546 graves
1013 516 1072 547 por
1096 506 1193 537 sibila
1216 510 1336 538 mortes

356 559 404 586 175
508 562 605 600 atque
629 557 743 589 eadem
767 557 923 588 membris
948 558 1139 599 inpertitur-a
1162 558 1327 591 medellas.

511 610 568 642 sed
592 620 632 641 ne
657 612 773 641 cuncta
795 609 891 640 simul
914 610 1035 651 passim
1060 620 1117 651 per
1141 613 1258 641 cuncta
1281 610 1429 649 fuissent,

511 663 674 694 distribuit
696 662 769 694 loca
793 664 882 693 certa
904 661 984 693 deus
1009 665 1041 693 et
1064 665 1210 703 tempora
1233 662 1313 693 fixit.

513 718 659 757 tempore
682 725 746 745 non
768 724 832 745 uno
855 714 988 745 veniunt
1012 724 1093 755 quae
1119 724 1216 745 saeva
1239 718 1407 746 vocantur:

441 773 478 793 29⁵
510 777 572 798 non
599 776 727 808 semper
750 768 859 797 movet
883 775 972 796 arma
996 766 1046 797 leo
1071 775 1131 796 nee
1157 766 1304 808 scorpius
1329 767 1427 798 ictum

358 819 406 846 lSO
511 828 638 860 semper
661 817 761 849 habet
784 828 844 849 nec
870 827 1000 859 semper
1023 817 1092 858 agit
1115 817 1183 848 fera
1206 818 1318 859 vipera
1341 829 1466 850 morsus

511 880 571 901 neo
597 879 724 911 semper
747 869 866 900 tollunt
889 868 930 900 ad
955 869 1088 900 vulnera
1112 869 1195 900 eolla
1218 872 1381 906 cerastam

511 932 573 953 non
597 931 725 963 semper
748 921 825 952 furit
847 920 935 951 unda
957 920 1056 951 maris
1079 931 1140 952 neo
1164 931 1292 962 semper
1316 920 1421 952 adurit

511 973 588 1004 solis
611 973 732 1014 ubique
758 972 861 1003 calor:
887 982 945 1013 pro
969 974 1112 1013 tempore
1136 974 1297 1013 temperat
1320 972 1423 1014 ignes,

443 1040 481 1060 300
510 1035 568 1067 pro
592 1024 725 1065 regione
750 1024 867 1066 plagae
894 1026 1118 1065 contemperat
1141 1023 1228 1054 unda
1251 1034 1402 1065 vaporem

358 1076 407 1102 185
513 1080 546 1107 et
569 1075 664 1107 modo
688 1076 848 1107 bellantes
872 1075 989 1106 fluetus
1013 1075 1097 1106 freta
1120 1075 1212 1117 pigra
1235 1075 1396 1107 iacebunt.

511 1129 581 1170 ipse
605 1128 710 1170 polus,
735 1128 788 1169 qui
812 1127 934 1168 grande
958 1129 1059 1166 tonat,
1084 1127 1153 1158 sine
1178 1127 1264 1158 nube
1290 1137 1424 1158 serenus

515 1181 580 1212 iam
603 1182 690 1211 tacet
714 1182 746 1210 et
769 1189 851 1221 pura
873 1178 1010 1210 redeunt
1034 1189 1093 1210 sua
1116 1179 1239 1210 lumina
1263 1179 1361 1210 eaelo.

510 1232 613 1264 multa
635 1231 714 1263 loeis
739 1231 815 1262 data
839 1233 914 1261 sunt
937 1231 1035 1262 variis
1059 1230 1206 1272 dispersa
1228 1240 1286 1273 per
1310 1231 1432 1262 orbem.

443 1292 479 1311 3⁰5
511 1283 601 1316 arida
623 1283 773 1325 vipereos
797 1293 921 1324 angues
945 1282 1090 1324 suscepit
1112 1282 1244 1320 harena,

359 1337 409 1364 190
512 1335 644 1366 humida
668 1335 800 1366 sortitur
823 1334 917 1366 tellus
941 1334 1011 1365 fera
1035 1334 1118 1365 eolla
1140 1334 1281 1372 leonum,

511 1387 605 1418 India
628 1397 700 1418 cum
724 1386 859 1428 gemmis
883 1389 916 1417 et
940 1386 1084 1417 eburnea
1107 1388 1251 1416 monstra
1274 1385 1414 1417 minatur

512 1439 626 1479 (belua
649 1437 773 1469 divinos
797 1438 881 1469 inter
904 1441 1076 1479 generatur
1099 1437 1214 1469 odores

513 1490 758 1532 ambrosiasque
782 1490 866 1531 rapit
888 1489 972 1521 male
995 1489 1146 1531 frangens
1170 1489 1277 1521 bestia
1301 1488 1439 1531 messes)

445 1550 482 1568 310
512 1542 718 1583 incertusque
742 1541 828 1572 color
851 1541 944 1583 tigris
968 1552 1026 1583 per
1050 1541 1136 1572 mille
1161 1542 1286 1573 colores

360 1594 408 1621 195
512 1593 675 1625 montibus
700 1593 865 1635 Hyrcanis
890 1593 978 1624 venit
1002 1603 1039 1624 ao
1063 1593 1130 1624 feta
1152 1593 1267 1624 marito

513 1645 651 1676 mittitur
673 1648 709 1676 ut
732 1645 841 1676 vincat
863 1655 995 1676 currens
1020 1644 1133 1676 orbata
1156 1645 1325 1686 proeellas.

514 1697 663 1728 cornibus
688 1697 805 1728 erectis
831 1696 944 1728 sortita
968 1698 1018 1727 est
1039 1695 1150 1727 Africa
1173 1695 1329 1735 dammas,

516 1759 659 1781 concava
683 1748 864 1790 suscipiunt
887 1759 947 1790 per
968 1751 1097 1779 montes
1123 1759 1202 1779 saxa
1225 1747 1393 1779 dracones.

446 1808 483 1827 31⁵
515 1803 624 1832 cetera
647 1800 813 1831 distribuit
836 1800 973 1832 diversis
998 1800 1122 1831 semina
1146 1800 1250 1839 terris,

360 1853 411 1880 200
515 1853 654 1895 plurima
677 1853 853 1892 coniunxit,
879 1852 936 1883 sed
961 1852 1103 1893 caespite
1120 1852 1228 1882 multa
1251 1852 1391 1884 diremit.

515 1915 651 1936 munera
673 1907 844 1946 praeterea
867 1903 1044 1935 funduntur
1067 1903 1173 1934 divitis
1197 1904 1282 1940 auri3

517 1957 651 1998 protulit
675 1956 812 1987 eximias
836 1956 1001 1987 inlustrior
1023 1955 1116 1986 India
1141 1965 1296 1996 gemmas,

210 2087 257 2113 171
277 2088 436 2113 Promittitur
448 2087 497 2118 LQ
567 2084 616 2111 172
634 2086 720 2111 uisera
733 2085 772 2109 F¹
817 2094 862 2117 pro
882 2085 979 2110 uiscera
995 2085 1016 2116 Q
1087 2083 1136 2109 173
1154 2085 1261 2109 nilssure
1281 2085 1382 2109 flatibus
1396 2084 1432 2115 M,
1451 2085 1558 2108 missura
1577 2084 1678 2108 flatibus
1692 2083 1747 2114 Lo,

104 2131 213 2156 missura
231 2131 362 2156 afflatibus
382 2130 406 2154 Z
420 2130 476 2155 edd.
566 2128 615 2153 174
633 2134 731 2153 montes
751 2129 786 2159 Μ,
811 2128 898 2153 mortis
916 2128 964 2158 LQ
1052 2126 1101 2153 175
1119 2128 1184 2159 Adq,
1203 2127 1312 2159 quadam
1330 2126 1359 2151 F
1424 2126 1553 2158 s'lmedelas
1572 2126 1660 2158 (erasa
1677 2126 1704 2158 a)
1718 2127 1746 2150 ill

141 2174 189 2199 176
208 2183 252 2206 per
270 2178 341 2206 prata
360 2173 393 2197 ,ll
494 2171 542 2197 177
561 2172 619 2197 loca
637 2172 737 2196 eunctis
756 2175 781 2196 et
799 2174 914 2203 tempora
932 2171 982 2195 FP
1062 2171 1135 2195 fiuxit
1154 2170 1228 2200 LQZ
1330 2169 1377 2194 181
1398 2170 1472 2194 tollut
1491 2170 1520 2193 M
1589 2170 1619 2194 ad
1639 2168 1746 2200 uuluerfl

107 2217 132 2248 (a
155 2216 242 2249 erasa)
260 2217 292 2241 M
386 2215 435 2241 182
453 2216 528 2240 Nnon
547 2216 580 2240 Β]
650 2215 726 2239 maris
750 2223 801 2239 nou
823 2214 876 2246 (ill)
975 2213 1023 2238 183
1042 2217 1164 2246 temperet
1183 2213 1207 2237 L
1295 2212 1344 2238 134
1367 2221 1487 2246 uoporem
1512 2213 1540 2237 1⁸
1624 2212 1672 2237 155
1691 2214 1747 2244 Ipse

106 2261 215 2292 populus
236 2260 257 2290 Q
327 2268 444 2284 serenum
465 2260 486 2289 Q
574 2257 623 2283 187
642 2267 706 2291 puro
724 2258 760 2282 1³2
779 2257 835 2282 edd.
920 2256 968 2282 192
987 2257 1075 2281 adores
1097 2260 1118 2287 ρ
1200 2256 1248 2281 193
1267 2257 1470 2288 Ambroseasque
1489 2256 1615 2286 MLQPZ
1682 2256 1747 2286 sapit

106 2303 159 2335 (M)
177 2303 235 2328 edd.
308 2302 356 2327 195
374 2303 490 2327 archanis
508 2302 581 2332 LQZ
631 2310 662 2326 ae
681 2302 733 2326 feta
752 2301 841 2325 marito
856 2300 998 2331 MFOEQZ
1048 2309 1079 2324 ae
1098 2301 1176 2324 fetata
1193 2299 1267 2329 FU),
1290 2304 1367 2331 atque
1385 2300 1476 2324 effoeta
1494 2299 1551 2324 edel.
1621 2297 1671 2323 :200
1689 2299 1746 2322 diri-

106 2347 153 2371 mit
170 2355 237 2371 corr.
256 2346 283 2370 iu
301 2346 401 2371 diremit
414 2345 446 2377 F,
465 2345 565 2370 derimit
583 2344 631 2376 (vel
649 2345 750 2370 diremit
767 2343 867 2375 τηαν-90)
881 2343 930 2374 Lo
1024 2342 1074 2368 202
1093 2343 1230 2367 industrior
1243 2343 1276 2366 M

211 2474 258 2501 191
281 2473 417 2506 Theoduls'.
436 2481 515 2500 carm.
537 2478 557 2506 7,
572 2477 586 2500 7
602 2473 686 2500 Indus
704 2473 810 2499 habens
828 2481 951 2507 gemmas
971 2471 1116 2506 pigmenta
1135 2473 1163 2498 et
1187 2471 1308 2497 eburnea
1325 2471 1456 2496 monstra.
1492 2473 1531 2502 28,
1545 2472 1595 2495 263
1613 2468 1747 2502 Gangetis

109 2525 229 2553 eburnea
246 2526 368 2552 monstra
