2106 3061
333 170 395 199 360

370 254 470 278 hostes.
507 255 557 278 203
583 251 610 277 iu
634 259 711 277 urmn
731 270 755 276 ..
772 271 778 276 .
798 250 908 276 fuimus.
945 254 994 276 208
1013 250 1040 275 in
1060 257 1136 275 nrma

371 288 499 312 fremens.
538 289 586 312 227
599 286 666 311 furit
681 286 708 311 in
723 293 858 311 venerem.
894 288 944 310 253
963 284 1034 310 redit
1047 292 1137 310 annus

373 322 399 347 in
420 329 533 346 annum.
573 319 660 346 11⁷1&
684 320 711 346 iu
737 322 845 345 nosmet
871 319 989 352 pcssimu
1008 318 1137 344 coniunx.

370 355 448 381 VH&
473 355 559 381 socios
587 355 616 380 in
640 354 721 380 bellu.
770 353 848 380 »⁷316
869 356 979 379 armant
1008 353 1037 379 in
1065 352 1138 378 bellu.

372 390 511 416 iuvencos.
551 388 633 415 1'121
652 389 679 414 in
700 388 830 427 praedam
850 389 880 419 (ι’.
898 387 936 413 ad
955 386 1137 413 celebrandam

373 425 521 456 uictoriam)
548 431 646 449 venere
670 423 723 449 dei.
777 426 810 448 ⁶¹)
829 422 888 448 ibat
915 422 942 448 in
967 422 1137 455 obsequium.

376 458 515 484 γ111295
544 458 571 483 in
593 458 667 483 bella
689 458 820 483 lacessere
839 458 918 487 (374).
963 461 1012 482 322
1030 457 1139 482 exercet

370 493 397 519 in
423 501 500 519 urina
525 492 654 518 biforan-s
680 492 803 517 Achilles.
850 490 897 516 IX
913 494 942 517 70
966 491 994 516 in
1019 490 1137 524 clipeum

371 536 486 561 surgens
499 526 645 553 Monaedes.
683 529 727 552 211
741 525 869 551 moruiliu
890 526 948 551 futu
967 526 994 551 iu
1014 533 1042 551 se
1061 524 1139 550 nullu

370 562 449 587 tinmt
478 561 574 587 Thetis.

373 596 402 622 X
421 599 468 622 472
497 595 575 621 iubar
603 595 735 620 diffundit
764 595 792 620 in
821 594 922 620 orbem.

371 632 471 657 serrum
488 630 595 664 rapitur
609 629 748 662 Aegfistlms
762 631 904 654 necaturus
922 636 1012 661 reyem.
1050 627 1077 654 Χ
1090 630 1139 653 319

371 665 446 691 sumu
465 664 561 690 ducem
582 663 708 697 rupit-bat
735 663 763 689 in
783 671 868 688 enses.
912 663 956 688 Or.
970 666 1024 689 668
1042 661 1139 688 audiat

373 719 414 726 ...
429 700 456 725 in
470 708 574 724 uun-m.
613 701 662 723 755
673 697 764 723 ulcisci
776 697 929 730 genitorem
942 717 947 723 .
959 718 965 723 .
977 717 983 723 .
994 697 1022 723 in
1035 696 1138 722 ambos.

407 733 439 759 de
449 736 575 765 etrtnpore:
591 732 677 758 Χ503
688 732 716 757 in
727 740 824 757 aevum
835 732 852 756 i.
864 732 1064 791 meramnum.
1107 730 1139 756 (Ie

372 768 483 793 consilio
502 770 550 792 aut
569 769 672 792 enenlu:
693 770 768 797 1,16.3
787 766 815 791 in
835 766 898 800 gluc
919 774 962 791 am
977 774 1039 800 pars
1053 769 1138 791 terrae

372 801 494 828 membra
515 802 594 834 ligat.
632 805 676 827 162
695 801 722 826 in
742 800 870 834 scopulos
887 809 950 834 pars
969 802 1044 827 certa
1057 799 1138 833 riget.

374 842 396 865 1.
410 840 460 862 235
484 836 511 861 in
535 844 633 869 corpus
656 835 812 860 solidantur
834 843 931 868 uquue.
970 838 1018 861 236
1040 834 1139 860 fluctus

374 870 497 896 durescit
511 870 537 895 in
552 878 621 896 ossa.
658 873 706 895 262
719 869 901 903 pennigerum
915 877 1029 895 vernare
1042 877 1138 895 nemus

395 925 400 931 .
416 925 421 931 .
443 905 470 930 in
491 913 556 930 usus
575 904 708 938 pignoris.
746 909 766 935 1,
779 908 829 930 424
849 905 944 930 fovent
964 924 970 930 .
984 924 1010 930 ..
1030 904 1058 929 in
1071 911 1139 936 gau-

371 939 417 964 diu
448 942 561 965 mentes.
605 944 625 970 1,
639 942 689 964 698
714 946 780 964 saxa
807 939 941 964 fluescunt
968 939 997 964 in
1025 938 1138 964 cineres.

371 978 395 1004 2,
410 978 455 999 166
478 975 577 1000 fretum
663 981 691 999 se
715 972 812 998 divisit
836 975 864 998 ct
884 972 974 999 liaesit
992 973 1020 998 in
1046 974 1138 1006 partes

371 1008 436 1034 hinc
456 1007 519 1034 inde
533 1008 609 1033 «luas.
639 1011 662 1038 2,
676 1010 729 1033 358
742 1007 770 1033 in
785 1007 909 1033 cumulos
928 1027 933 1033 .
950 1028 956 1033 .
970 1027 976 1033 .
995 1007 1138 1039 insurgere

371 1043 478 1068 fluctus
514 1047 538 1073 2,
550 1046 600 1068 384
621 1042 737 1075 pelagus
753 1045 844 1068 vastas
886 1042 982 1068 estiret
998 1041 1026 1067 in
1041 1042 1136 1067 undas.

369 1081 393 1108 2,
409 1081 458 1103 423
477 1077 504 1102 in
524 1077 628 1102 cineres
654 1076 789 1110 putrescit
807 1076 869 1110 glue
883 1084 914 1102 ιιι.
951 1079 974 1108 2,
986 1079 1034 1102 644
1054 1084 1137 1102 venas

370 1111 398 1137 in
429 1111 550 1137 sobolem
579 1110 695 1137 caluisse
719 1119 791 1137 suas.
827 1115 851 1141 2,
866 1114 914 1137 798
941 1111 1070 1137 fluctibus
1090 1130 1096 1137 .
1111 1131 1116 1136 .
1131 1130 1137 1137 .

370 1145 466 1179 ligatis
491 1145 518 1171 in
545 1145 680 1179 scopulos.
724 1149 748 1176 3,
763 1149 812 1171 455
836 1145 1001 1171 Numantini
1027 1165 1032 1171 .
1053 1165 1058 1171 .
1079 1165 1084 1171 .
1109 1145 1137 1170 in

371 1180 475 1206 cineres
503 1180 612 1206 iacuere
635 1188 706 1206 suos.
750 1179 826 1205 11⁸2
851 1180 948 1213 longos
975 1182 1007 1205 ut
1031 1182 1135 1205 crescat

370 1215 398 1240 in
425 1217 510 1240 artus.
554 1214 576 1239 V
589 1218 631 1239 191
655 1213 779 1248 gladium
799 1214 941 1240 strinxisse
961 1234 967 1240 .
981 1234 986 1240 .
1002 1234 1007 1240 .
1026 1214 1056 1240 in
1075 1214 1136 1240 fata

370 1248 502 1282 potentis.
545 1248 586 1274 VI
603 1252 633 1274 70
650 1257 685 1282 po
711 1248 823 1281 ulosque
840 1256 949 1275 movere
968 1249 997 1274 in
1017 1268 1023 1275 .
1039 1269 1064 1275 ..
1084 1248 1137 1274 fre-

371 1283 464 1309 minis.
505 1282 563 1309 VII
584 1286 618 1308 84
646 1291 683 1316 pu
700 1283 769 1308 veris
797 1283 825 1308 in
856 1283 957 1309 nubem
1060 1285 1137 1309 actas

443 1320 525 1343 rotas.
568 1317 641 1342 VIII
659 1320 712 1343 285
737 1319 844 1343 mentes
868 1317 996 1343 armabat
1021 1317 1049 1343 in
1073 1317 1136 1344 iras.

376 1352 453 1377 VIII
464 1356 512 1378 401
531 1351 648 1377 solvitur
671 1351 699 1377 in
719 1351 848 1385 gemitus.

369 1386 485 1412 exitium
514 1394 661 1412 memorem
687 1405 717 1411 ..

370 1422 461 1447 vertat
479 1441 485 1447 .
500 1440 506 1446 .
521 1441 526 1446 .

626 565 673 586 218
694 562 806 586 cunctos
829 560 948 586 hortaris
970 560 998 585 in
1023 559 1138 597 bostem.

973 595 1018 620 Or.
1035 597 1084 620 220
1110 601 1138 618 in

898 1351 942 1378 Or.
958 1355 972 1377 7
989 1352 1086 1378 matris
1106 1352 1135 1377 in

739 1406 745 1412 .
770 1386 893 1419 parentis
918 1386 1040 1412 Orestem.
1091 1390 1137 1413 101

545 1420 572 1446 in
586 1420 690 1453 gaudia
704 1420 838 1454 plunctos.
875 1424 924 1447 102
935 1421 988 1447 dea
1001 1421 1137 1447 crudescit

369 1455 397 1481 in
417 1456 478 1481 iras.
515 1458 561 1481 461
576 1455 680 1481 evomit
698 1455 727 1480 in
741 1455 861 1488 gemitus
875 1464 961 1482 voces.
1002 1459 1046 1482 732
1058 1455 1137 1482 adest

369 1509 375 1516 .
391 1510 397 1515 .
412 1510 417 1516 .
438 1489 533 1515 matris
551 1489 580 1515 in
600 1489 715 1515 exitium
736 1511 740 1516 .
756 1510 761 1516 .
776 1509 781 1515 .
801 1489 918 1516 Orestes

335 1524 368 1550 in
387 1532 407 1549 c.
428 1523 489 1556 ubl.]
513 1523 582 1550 Mer.
598 1531 670 1556 pros.
691 1529 703 1549 1
716 1524 741 1549 A
753 1527 770 1550 3
788 1524 816 1550 in
836 1524 997 1558 conspe(ctu
1017 1526 1045 1551 et
1063 1524 1134 1557 iudi)

369 1559 412 1584 cio
431 1558 552 1584 omnium
575 1566 641 1584 esse.
678 1563 716 1584 14.
737 1562 773 1585 16.
794 1563 830 1584 17.
851 1564 863 1585 1
876 1559 903 1585 Β
916 1563 947 1585 10
959 1559 1028 1590 (bis).
1049 1564 1086 1585 11.
1106 1562 1136 1585 12

367 1593 439 1625 (bis).
478 1593 532 1618 ΞΑ
546 1596 583 1619 16.
610 1593 700 1619 2134.
713 1597 735 1619 5.
755 1596 791 1619 17.
817 1596 887 1626 peel.
899 1597 938 1620 65.
963 1597 1001 1620 76.
1021 1597 1062 1620 87.
1082 1596 1136 1620 134.

370 1630 425 1654 173.
497 1627 595 1652 Drac..·
665 1631 690 1659 2,
706 1631 753 1654 519
774 1628 883 1661 proficit
901 1627 930 1654 in
951 1630 991 1660 (et
1007 1630 1037 1661 C)
1056 1628 1136 1655 nobis

393 1681 419 1688 ..
447 1662 565 1694 emptus.
601 1664 624 1691 2,
640 1664 689 1687 584
718 1661 746 1687 in
770 1670 798 1688 se
823 1670 888 1688 vera.
913 1662 958 1689 dei
980 1682 986 1689 .
1001 1683 1026 1688 ..
1051 1662 1136 1689 verba

369 1696 504 1729 probavit.
550 1698 573 1727 3,
592 1699 643 1721 200
669 1695 799 1730 sacie(n)s
825 1696 853 1722 in
882 1699 970 1723 morte
998 1697 1134 1724 ruborem.

368 1734 392 1761 3,
404 1733 454 1756 343
470 1731 562 1756 hostes
585 1730 631 1763 qui
658 1730 686 1756 in
707 1730 823 1764 pignore
843 1731 964 1765 praebet.
1001 1735 1026 1764 3,
1038 1736 1088 1758 626
1106 1733 1135 1757 in

370 1773 483 1798 corpore
511 1773 617 1790 sanum.
660 1765 728 1791 1785
756 1765 783 1790 in
812 1774 934 1800 paupere
963 1766 1040 1792 dives
1067 1766 1134 1800 quid

369 1799 476 1825 timeat.
528 1803 575 1825 254
595 1798 704 1825 arderet
728 1799 756 1825 in
783 1800 830 1825 ira.
877 1804 927 1827 162
945 1801 1054 1827 rediens
1079 1821 1084 1827 .
1105 1822 1110 1827 .
1129 1821 1135 1827 .

369 1833 459 1859 victor
488 1833 516 1858 in
545 1833 636 1860 armis.
694 1833 752 1859 VII
767 1839 812 1861 145
843 1835 940 1869 Cypris
974 1835 1004 1861 in
1036 1837 1135 1862 ornatu

370 1867 490 1893 veniens.
530 1867 607 1893 VIII
616 1871 662 1893 291
680 1876 825 1894 succensus
844 1869 872 1894 in
893 1870 942 1896 ira.
977 1873 1027 1896 346
1045 1870 1137 1896 victus

370 1902 398 1928 in
421 1902 513 1928 armis.
567 1902 597 1928 Χ
615 1906 662 1928 134
686 1903 713 1928 in
741 1903 867 1929 inanibus
893 1904 949 1930 iam
974 1904 1043 1930 luno
1068 1905 1137 1931 meis

369 1936 457 1969 (quasi
488 1935 524 1961 ad
554 1938 663 1970 mamis)
699 1938 872 1971 supplexque
910 1941 1046 1972 precatur.
1108 1939 1138 1965 X

368 1974 414 1997 513
436 1971 530 1997 accim
555 1991 560 1996 .
579 1991 585 1997 .
604 1992 610 1997 .
633 1971 661 1996 in
690 1971 750 2003 (del.
774 1972 912 2005 Biicheler)
939 1974 1030 2000 fronte
1061 1981 1135 2000 coro-

370 2014 442 2031 nam.
491 1980 535 2031 Or.
554 2008 601 2031 241
628 2005 741 2038 grandis
767 2006 797 2032 in
824 2009 937 2041 aspect-u
964 2008 1135 2040 Ayamem‘rw.

403 2039 551 2073 neyleyitur
574 2042 659 2065 motus
676 2041 713 2066 vel
730 2040 853 2067 derectio:
879 2046 899 2074 1,
914 2045 957 2068 171
975 2042 999 2068 it
1016 2042 1084 2068 vitis
1104 2042 1133 2068 in

370 2073 443 2100 orbe.
480 2078 500 2105 1,
516 2077 564 2100 535
581 2074 609 2099 in
633 2074 751 2107 coniuge
770 2076 844 2102 facta
863 2076 1008 2102 redundat.
1045 2080 1068 2109 2,
1086 2080 1137 2103 802

371 2108 422 2134 deo
453 2116 568 2141 magnas
601 2108 629 2134 in
658 2109 742 2135 laude
771 2110 882 2136 choreas
911 2131 942 2137 ..
966 2131 972 2137 .
998 2114 1136 2138 resonant.

371 2142 412 2167 VI
432 2142 530 2168 subscr.
561 2142 772 2175 epithalamium
805 2145 832 2170 in
861 2145 993 2171 fratribus
1023 2146 1137 2172 dictum.

374 2176 486 2202 V11114
507 2176 535 2202 in
555 2177 644 2203 Aonio
664 2177 806 2205 descendit
826 2179 902 2205 fonte
921 2182 1010 2213 poeta.
1047 2180 1095 2206 IX
1107 2183 1138 2207 32

372 2210 491 2237 crudelis
511 2211 539 2236 in
558 2211 636 2237 hoste
722 2213 783 2239 eris.
820 2217 867 2240 104
887 2214 988 2240 Hector
1010 2215 1039 2240 in
1059 2215 1137 2241 hoste

371 2245 426 2271 suit
440 2253 544 2271 saevus.
577 2250 625 2271 143
638 2246 774 2280 quidquid
788 2247 816 2273 in
831 2248 909 2274 hoste
922 2248 998 2275 suris.
1037 2248 1081 2276 Or.
1095 2253 1138 2275 711

371 2279 462 2305 ‹ualis
492 2279 519 2317 in
549 2280 626 2306 hoste
651 2280 705 2306 suit
730 2302 735 2308 .
757 2302 787 2308 ..
811 2282 890 2308 Aiax.
961 2283 993 2309 tle
1011 2286 1138 2317 tempore.-

413 2318 457 2339 119
475 2322 548 2339 cives
571 2314 599 2339 in
618 2322 688 2348 pace
707 2324 796 2342 necas.
838 2317 899 2343 VII
907 2320 938 2343 26
955 2317 1070 2344 reticere
1090 2339 1095 2344 .
1111 2338 1116 2344 .
1132 2339 1137 2345 .

372 2347 474 2407 {estivo
494 2348 522 2373 in
543 2350 675 2382 tempore.
721 2350 765 2376 Or.
780 2355 829 2377 457
846 2351 973 2378 noctibus
991 2352 1020 2378 in
1039 2352 1139 2379 mediis

392 2390 447 2407 ens.

337 2415 550 2449 inaequalis]
570 2417 637 2442 Mer.
655 2420 723 2450 poet.
737 2422 779 2444 161
798 2419 939 2453 inaequali
1025 2423 1105 2447 sorte.

337 2450 619 2484 inaestimabilis]
651 2451 733 2478 Tains
757 2453 829 2486 epist.
849 2458 872 2485 4,
896 2457 912 2480 3
940 2454 1138 2481 inaestimabili

371 2493 502 2511 accensus
516 2484 660 2512 desiderio.
697 2491 762 2515 4,10
775 2487 974 2514 inaestimabili
989 2490 1138 2516 suavitate.

370 2519 514 2551 utrubique
542 2519 616 2546 codd.
647 2520 714 2546 clane
745 2522 890 2554 inextim-‚
915 2531 982 2556 quae
1004 2524 1139 2557 scriptura

371 2553 458 2580 nescio
481 2562 518 2578 an
542 2555 593 2579 ium
623 2554 684 2580 Ταίί
705 2555 747 2581 sit.
795 2559 830 2590 cs.
854 2557 960 2583 interim
981 2558 1053 2584 Thes.
1071 2559 1086 2585 l.
1104 2559 1138 2585 L.

373 2587 431 2626 11».
450 2591 526 2626 1096,
554 2591 584 2613 75
593 2596 646 2621 sqq.
697 2589 768 2616 Thes.
790 2592 867 2623 yloss.
885 2592 934 2617 sub
958 2600 1013 2618 rooe
1036 2593 1139 2619 extimo

373 2624 520 2648 extimatio
535 2631 564 2655 p.
580 2626 639 2648 425.

338 2655 460 2689 inanis]
480 2656 548 2681 Mer.
564 2660 630 2689 poet.
646 2661 689 2683 159
713 2666 813 2684 nocens
840 2668 887 2692 per
900 2659 996 2692 in(ane
1009 2660 1138 2695 sagitta).

373 2689 456 2718 Druc.
476 2695 496 2721 1,
514 2694 558 2717 153
582 2691 664 2717 tellus
759 2701 808 2726 per
831 2693 914 2719 inane
937 2695 1068 2728 pependit
1091 2696 1138 2727 (cf.

375 2724 456 2751 Paul.
471 2724 532 2750 Nol.
545 2733 623 2751 carm.
639 2730 677 2757 16,
693 2729 756 2760 188)
780 2732 802 2755 2,
821 2732 871 2753 637
896 2728 1018 2762 coniugii
1047 2732 1139 2763 portu-

374 2759 443 2784 bnnt
477 2767 578 2785 nomen
602 2759 683 2787 inane
702 2761 760 2792 (Or.
774 2770 819 2787 ars
833 2768 854 2794 1,
869 2767 916 2789 740
937 2771 1036 2789 nomen
1056 2764 1138 2790 inane

373 2792 453 2824 iidem
483 2793 527 2819 Or.
546 2796 594 2820 313
618 2795 695 2828 regni
722 2804 820 2822 nomen
845 2797 936 2824 inane.
976 2806 1007 2823 cx
1031 2798 1139 2824 Lucani

946 164 979 190 ll.
1018 162 1134 190 INDEX
1153 161 1368 189 VERBORVM.

1224 247 1280 274 loco
1296 247 1326 273 iu
1344 250 1407 273 ‚uota
1430 246 1547 282 allegato
1569 247 1648 274 etiam
1665 248 1746 280 fluxit
1763 248 1821 276 Alc.
1838 249 1888 277 Au.
1906 258 1986 277 oum.

1225 286 1248 314 6,
1263 285 1310 308 170
1332 290 1394 308 cum
1417 283 1512 315 portet
1532 289 1634 308 nomen
1658 282 1741 310 inane
1760 283 1840 310 coniu
1865 284 1886 310 's
1904 284 1987 319 Eva).

1223 320 1248 348 3,
1262 320 1292 343 18
1311 316 1433 342 volitant
1455 324 1504 350 per
1522 316 1606 343 inane
1638 317 1750 344 ulmina.
1792 317 1815 344 V
1874 322 1922 346 455
1938 327 1988 354 per

1226 351 1308 377 inane
1322 350 1417 384 vagari
1431 350 1573 377 columba-s.
1655 354 1688 378 98
1705 352 1825 379 excussit
1841 353 1988 387 perinane

1224 388 1311 419 caput
1334 387 1426 412 Amor.
1468 388 1514 412 118
1535 393 1585 419 per
1607 385 1692 412 inune
1715 406 1721 413 .
1739 407 1746 414 .
1763 407 1770 414 .
1792 387 1879 414 micat
1896 387 1988 415 orbita

1225 420 1321 446 florum
1344 419 1459 446 Amoris.
1501 423 1551 446 465
1573 419 1687 446 verbera
1709 441 1715 446 .
1735 441 1741 448 .
1755 442 1761 448 .
1785 424 1916 449 resonant
1939 430 1989 457 per

1225 454 1309 480 inane
1336 461 1468 480 sororum.
1511 458 1564 480 565
1585 456 1689 481 nutant
1715 463 1765 489 per
1791 456 1874 483 inane
1901 459 1987 485 rotae.

1232 488 1306 514 VIII
1317 492 1365 515 610
1388 488 1525 515 tumulum
1546 509 1552 516 .
1566 509 1572 515 .
1585 509 1592 515 .
1611 489 1722 515 inanem
1741 490 1801 522 (IX
1812 492 1862 524 91).
1899 491 1930 518 X
1941 494 1989 518 322

1227 522 1318 549 innnis
1343 522 1450 556 religio.
1488 524 1534 550 Or.
1548 526 1598 550 386
1621 523 1718 550 inanes
1739 525 1824 556 (fame
1841 526 1916 560 torti)
1934 526 1987 553 vis-

1226 557 1335 584 ceribus
1358 558 1462 584 vacuis.
1501 561 1546 584 745
1564 557 1662 585 inanes
1684 559 1776 592 perdis
1795 579 1801 586 .
1815 580 1822 586 .
1835 579 1842 587 .
1861 560 1988 587 lacrimas

1225 593 1272 624 (cf.
1285 593 1370 624 notu).
1405 595 1458 618 856
1480 594 1627 626 torquetur
1649 592 1733 620 inane
1754 594 1818 626 (acc.
1833 602 1886 628 pro
1909 594 1989 626 adm).

1192 626 1206 652 :³
1224 626 1422 660 inauratus]
1443 626 1473 653 X
1492 630 1540 653 212
1558 627 1639 661 pellis
1659 626 1822 661 (inputata.

1191 660 1306 695 inbuo]
1326 661 1395 687 Mer.
1406 664 1474 694 poet.
1487 665 1533 688 126
1550 663 1714 695 tenerosque
1731 662 1767 689 ad
1786 663 1892 697 proelia
1909 663 1989 691 ludos

1226 695 1335 721 imbuit
1372 695 1458 722 Drac.
1472 700 1493 726 1,
1505 699 1556 722 460
1573 704 1685 730 serpens
1703 697 1848 724 fraudibus
1866 697 1990 725 imbutus

1225 730 1330 756 mortis.
1373 729 1416 756 VI
1426 733 1470 757 112
1489 730 1611 757 imbutas
1630 731 1711 758 melle
1728 732 1856 766 sagittas.
1891 732 1990 760 V1139

1226 765 1319 791 oscula
1339 784 1345 790 .
1359 785 1365 791 .
1379 784 1385 790 .
1405 765 1519 791 calamis
1537 765 1646 792 imbuta
1658 766 1765 792 rosetis.
1803 766 1848 793 Or.
1862 770 1912 794 210
1929 776 1989 794 san-

1225 799 1310 832 guine
1328 802 1433 826 vestem
1452 820 1476 826 ..
1492 820 1498 826 .
1517 799 1632 827 inbutus
1650 799 1722 832 (ind-
1739 800 1828 835 trad).

1191 832 1383 867 incantito]
1411 833 1484 868 Euty.
1501 842 1523 860 c.
1545 837 1588 866 89,
1605 838 1621 861 5
1645 834 1800 869 ponderoso
1818 835 1990 863 incantitans

1226 867 1394 900 (incantanti
1414 868 1494 902 trad.)
1513 872 1549 901 cf.
1562 871 1634 895 nota.

1191 902 1478 963 inlcaawgaathBga528
1489 903 1767 965 ίυωὲςυωσαιᾷῧταέε..
1790 903 1839 930 IV
1846 909 1876 932 61
1894 912 1990 932 mucro

1358 946 1367 963 1
1423 946 1504 964 ssum.
1569 946 1614 973 uq.
1645 958 1651 964 .
1695 958 1704 971 ‚
1758 947 1896 966 incassum
1921 947 1989 974 pan-

1225 971 1290 998 dere
1308 971 1395 998 labra.

1190 1005 1223 1032 in
1234 1005 1370 1040 cautus]
1391 1005 1436 1032 Or.
1449 1009 1497 1033 259
1514 1005 1580 1032 ferit
1597 1006 1740 1033 incautum
1759 1009 1853 1042 caput.

1190 1040 1227 1066 in
1237 1040 1295 1067 ced
1304 1040 1330 1074 o]
1350 1045 1371 1072 1,
1385 1044 1434 1067 266
1451 1040 1557 1067 incedit
1568 1040 1659 1067 bestia
1671 1041 1781 1075 elephas.
1816 1042 1898 1070 1189
1915 1050 1990 1077 gres-

1225 1084 1270 1101 sus
1289 1075 1453 1109 pudibunda
1470 1075 1602 1102 movebat
1618 1075 1756 1102 incedens.

1190 1109 1404 1144 incendium]
1429 1112 1453 1142 3,
1466 1113 1500 1136 69
1517 1118 1599 1136 saeva
1618 1110 1747 1137 incendia
1765 1111 1862 1138 mortis
1879 1111 1915 1145 (3,
1926 1112 1990 1144 440)

1224 1146 1248 1177 3,
1262 1147 1308 1171 173
1325 1143 1455 1170 incendia
1472 1144 1590 1171 flammis
1609 1165 1615 1171 .
1629 1165 1634 1172 .
1649 1165 1655 1172 .
1675 1145 1813 1173 cecidisse.

1191 1178 1358 1213 incertus]
1377 1179 1447 1205 Mer.
1456 1182 1526 1212 poet.
1539 1183 1584 1206 175
1601 1187 1674 1206 mors
1691 1179 1806 1207 incerta.

1191 1213 1374 1247 incessens]
1393 1216 1416 1246 2,
1430 1216 1478 1240 210
1495 1213 1636 1240 incessam
1654 1234 1660 1240 .
1675 1235 1680 1241 .
1694 1234 1700 1240 .
1720 1216 1857 1248 precatur.

1225 1247 1389 1274 incessanter
1406 1253 1430 1280 1,
1442 1251 1497 1275 609.

1190 1282 1374 1316 incestum]
1393 1285 1417 1315 2,
1430 1285 1477 1309 313
1494 1282 1650 1317 incestique
1668 1283 1755 1309 nefas.

1190 1317 1357 1351 incestus]
1377 1319 1402 1349 3,
1414 1320 1465 1344 498
1482 1317 1590 1344 incesto
1608 1319 1728 1352 pectore.
1766 1316 1810 1344 Or.
1824 1319 1871 1344 381
1889 1316 1990 1344 menti·

1224 1351 1276 1378 bus
1294 1351 1414 1378 incestis,

1189 1386 1358 1417 incestus,
1378 1385 1444 1420 -us]
1473 1385 1543 1419 Euq.
1556 1394 1576 1413 c.
1589 1393 1653 1420 app.
1665 1390 1708 1419 49,
1722 1391 1753 1413 14
1780 1386 1889 1413 incestu
1912 1385 1988 1421 turpi

1227 1421 1412 1447 commaculat
1429 1420 1560 1447 sobolem.

1189 1455 1319 1489 incido]
1339 1459 1362 1488 2,
1376 1458 1426 1482 258
1445 1455 1528 1482 semel
1547 1454 1648 1482 incidit
1665 1455 1714 1482 ille
1731 1455 1762 1481 in
1777 1455 1891 1488 wspam.

1189 1489 1334 1524 incipio]
1366 1490 1440 1516 VIII
1449 1493 1503 1517 290
1525 1489 1564 1516 sic
1589 1489 1690 1524 incipit
1713 1497 1767 1517 ore.
1808 1489 1853 1517 Or.
1867 1493 1917 1517 639
1935 1489 1989 1517 iter

1223 1524 1366 1558 inceptum
1386 1526 1525 1558 (coeptum
1543 1523 1590 1558 B).

1189 1559 1328 1593 inclino]
1347 1561 1397 1585 sat.
1411 1562 1459 1585 104
1478 1559 1560 1585 corda
1573 1559 1718 1592 regentum
1738 1579 1744 1586 .
1759 1580 1763 1585 .
1778 1579 1784 1586 .
1804 1558 1923 1586 inclinas
1941 1558 1988 1591 (cs.

1223 1593 1309 1627 nota).
1347 1593 1378 1620 X
1393 1596 1442 1620 463
1463 1593 1600 1620 attonitas
1624 1593 1746 1620 inclinat
1769 1593 1877 1620 cautior
1899 1601 1988 1620 aures.

1188 1628 1349 1662 inclitus]
1371 1628 1441 1654 Mer.
1454 1636 1475 1655 c.
1490 1632 1515 1659 4,
1528 1632 1560 1654 41
1578 1627 1684 1661 inclyto
1707 1628 1757 1661 (sic
1774 1627 1845 1659 cod.)
1862 1629 1988 1662 parente.

1224 1662 1309 1689 Drac.
1326 1665 1376 1689 sat.
1395 1666 1442 1689 299
1468 1663 1583 1689 inclitus
1614 1662 1785 1696 armipotens
1821 1662 1988 1723 Gen-serim.

1749 1717 1755 1724 .
1774 1697 1886 1724 domino
1905 1697 1925 1724 C
1949 1696 1954 1702 '
1978 1711 1988 1717 -

1928 1214 1989 1242 adv.

1224 1697 1296 1731 Euq.
1314 1696 1372 1723 leem.
1388 1699 1480 1731 praef.
1493 1705 1566 1730 pros.
1591 1697 1689 1723 inclito
1708 1717 1714 1723 .
1728 1717 1734 1723 .

1224 1731 1381 1758 dasvintho.

1190 1766 1345 1800 includo]
1364 1770 1385 1798 1,
1399 1769 1450 1793 344
1469 1765 1605 1792 medullas
1623 1765 1730 1792 ossibus
1742 1765 1870 1792 includit.
1905 1767 1930 1798 3,
1940 1769 1989 1792 441

1224 1801 1339 1827 inclusis
1357 1801 1375 1826 ι’.
1395 1800 1512 1827 obsessis.

1191 1835 1326 1874 incopo]
1346 1835 1416 1861 Mer.
1429 1842 1450 1861 c.
1463 1839 1486 1866 4,
1501 1837 1518 1861 3
1535 1834 1669 1860 vitalibus
1687 1834 1835 1862 inchoatus
1853 1834 1902 1867 (sic
1920 1833 1989 1867 cod.)

1225 1878 1299 1896 auris
1315 1877 1390 1902 puer.

1190 1904 1315 1938 incola]
1337 1904 1404 1930 Mer.
1414 1906 1482 1937 poet.
1495 1907 1512 1930 8
1529 1903 1624 1930 mitior
1641 1903 1741 1930 incola.

1190 1938 1388 1972 incolumis]
1419 1941 1446 1970 3,
1464 1942 1511 1965 411
1537 1938 1617 1964 fortis
1639 1939 1668 1964 et
1697 1937 1842 1964 incolomis
1870 1937 1988 1965 Curtius.

1232 1973 1290 1999 VII
1316 1976 1363 2000 143
1393 1973 1467 1999 natis
1500 1972 1655 1999 incolumis,
1709 1971 1754 1999 Or.
1780 1974 1829 1999 431
1856 1972 1989 1999 incolumi

1225 2007 1341 2034 viduata
1352 2007 1419 2034 viro.
1444 2010 1492 2034 535
1501 2007 1633 2034 incolumi
1642 2006 1757 2040 Pylade.
1780 2006 1989 2034 919incolomis.

1190 2041 1446 2076 incommodum]
1466 2041 1538 2076 Eua.
1550 2049 1571 2068 c.
1585 2045 1631 2068 101
1649 2041 1683 2068 de
1695 2041 1876 2068 incommodis
1888 2041 1988 2068 aestivi

1225 2078 1280 2103 tem
1304 2076 1367 2103 oris.

1191 2085 1437 2144 incorpruptus]
1457 2115 1478 2143 1,
1494 2114 1540 2137 147
1562 2112 1675 2137 servant
1693 2132 1699 2136 .
1714 2130 1720 2137 .
1733 2131 1739 2137 .
1758 2111 1883 2138 tenorem
1901 2109 1990 2137 incor-

1225 2147 1310 2179 rupta
1332 2154 1411 2172 suum
1437 2145 1571 2172 elementa.
1613 2145 1698 2171 V185
1716 2152 1772 2171 non
1790 2145 1915 2172 conscius
1932 2153 1990 2172 um-

1228 2188 1312 2213 quam
1332 2179 1508 2213 incorruptus
1525 2179 1569 2212 (de
1583 2179 1710 2213 pecunia)
1728 2179 1789 2206 erit.

1192 2214 1407 2247 incredulus]
1425 2217 1450 2244 3,
1462 2217 1510 2241 252
1527 2213 1600 2248 ne[c]
1618 2213 1778 2241 incredulus
1795 2215 1879 2240 extet.

1192 2248 1452 2282 incrementum]
1470 2252 1494 2280 3,
1507 2253 1556 2276 540
1573 2249 1744 2275 incrementa
1762 2248 1830 2275 deus
1843 2248 1886 2274 vel
1905 2247 1988 2275 detri-

1226 2285 1323 2310 menta
1340 2286 1458 2310 recusat.
1494 2283 1566 2317 Euy.
1578 2285 1628 2310 sat.
1641 2286 1694 2310 205
1706 2283 1807 2310 fretum
1820 2283 1991 2310 incrementa

1228 2318 1322 2350 (crem-
1339 2317 1436 2349 Drac.)
1455 2319 1577 2344 resumit.

1193 2351 1378 2386 increpito]
1398 2351 1448 2378 IX
1459 2354 1505 2378 123
1523 2351 1650 2386 culpabit
1667 2372 1673 2379 .
1688 2372 1694 2379 .
1709 2372 1714 2378 .
1735 2359 1814 2385 asper
1832 2352 1861 2377 et
1871 2350 1988 2385 increpi-

1227 2388 1298 2413 tans.
1340 2386 1384 2413 Or.
1397 2389 1450 2413 583
1474 2387 1513 2413 sic
1531 2395 1677 2421 aggressus
1696 2386 1811 2413 Oresten
1830 2385 1987 2420 increpitat.

1229 2424 1274 2448 734
1305 2421 1484 2454 increpitans.
1534 2424 1585 2447 841
1619 2421 1703 2447 miser
1732 2419 1890 2454 increpitat.
1936 2427 1988 2454 seq.

1225 2463 1327 2488 semper
1344 2456 1434 2482 oralia
1452 2455 1562 2482 directa.

1193 2490 1351 2523 increpo]
1379 2494 1400 2521 1,
1420 2493 1472 2516 496
1496 2489 1546 2516 hos
1571 2490 1697 2523 increpat
1720 2496 1766 2516 ore
1788 2488 1898 2515 tonanti
1925 2488 1989 2515 deus

1229 2525 1276 2558 (cf.
1295 2525 1353 2551 Alc.
1371 2525 1422 2551 Ar.
1435 2528 1457 2557 6,
1470 2527 1522 2551 323
1539 2524 1619 2550 illum
1638 2523 1757 2550 terribili
1777 2523 1905 2550 dominus
1922 2524 1989 2550 tune

1228 2559 1356 2593 increpat
1378 2559 1443 2590 ore).
1486 2558 1564 2584 VIII
1575 2562 1624 2585 646
1647 2558 1717 2585 tuba
1735 2578 1741 2584 .
1755 2577 1761 2584 .
1775 2578 1781 2584 .
1799 2565 1863 2584 aere
1889 2565 1988 2584 canoro

1228 2593 1355 2627 increpat
1367 2594 1494 2626 (insonat,
1510 2592 1630 2619 sonando
1637 2591 1783 2626 praedicit)
1801 2600 1885 2625 arma,
1898 2591 1987 2619 duces.

1230 2627 1259 2653 X
1278 2631 1324 2654 185
1347 2627 1495 2662 strepitum
1519 2627 1592 2661 (obi.)
1611 2647 1617 2653 .
1631 2648 1637 2654 .
1651 2648 1657 2654 .
1676 2628 1760 2661 putat
1786 2634 1864 2653 arma
1881 2646 1887 2653 .
1901 2646 1908 2653 .
1921 2646 1927 2653 .
1944 2626 1987 2653 in·

1229 2662 1374 2696 crepuisse.
1411 2665 1459 2688 226
1477 2662 1617 2696 increpat:
1637 2669 1698 2688 ecce
1718 2661 1777 2688 feri.

1192 2696 1347 2722 incultus
1385 2696 1456 2731 Euy.
1469 2697 1528 2722 hex.
1540 2700 1574 2723 46
1591 2699 1678 2723 terrae
1700 2703 1764 2730 pars
1782 2694 1856 2729 riget
1873 2694 1988 2722 inculta.

1192 2730 1326 2756 incumb
1336 2739 1350 2757 o
1381 2731 1449 2757 Mer.
1462 2738 1483 2757 c.
1497 2736 1518 2759 1.
1531 2735 1545 2756 1
1570 2730 1707 2757 incumbit
1730 2729 1835 2756 foribus
1853 2750 1859 2756 .
1873 2749 1878 2755 .
1892 2748 1899 2755 .
1917 2728 1986 2756 Con-

1227 2765 1327 2791 cordia.
1376 2765 1462 2792 Drac.
1488 2765 1562 2791 VIII
1584 2768 1634 2792 383
1674 2764 1816 2799 puppibus
1850 2762 1986 2790 incumbit

1226 2802 1333 2826 ventus.
