2106 3061
775 196 948 224 ROMVLEA
966 199 1032 224 VIII
1664 206 1718 235 167

476 286 651 325 praerupta
675 283 714 315 de
737 294 815 325 rupe
839 285 950 326 procul
974 285 1104 317 dumeta
1127 290 1312 327 sequentes:

390 343 441 370 410
480 338 515 365 ut
537 334 654 366 virides
678 335 813 366 tondent
836 335 965 367 lascivis
990 336 1139 368 dentibus
1165 338 1295 369 herbas!

480 387 580 417 ubera
604 386 762 418 lactantes
787 387 988 418 contundunt
1011 388 1169 420 frontibus
1194 391 1278 430 agui,

478 438 554 469 dum
579 438 681 469 cauda
705 439 867 480 crispante
891 442 1031 470 tremunt
1054 440 1204 481 mollique
1228 442 1335 483 palato

478 490 625 521 exultant
648 492 758 531 potare
783 490 872 521 cibos
896 493 993 532 atque
1018 491 1114 522 edere
1139 495 1244 533 potus.

475 541 620 582 mulgere
645 541 812 572 balantum
836 541 1000 583 depressis
1025 542 1126 574 ubera
1150 545 1297 575 mammis

388 601 438 628 415
474 593 654 624 decedente
678 592 730 624 die
754 594 858 624 noetis
883 593 1086 625 venientibus
1109 595 1230 626 umbris

479 648 618 686 quantus
643 654 740 683 amor,
765 655 836 675 cum
860 645 945 676 lacte
970 655 1051 676 novo
1077 646 1139 677 iam
1165 657 1281 678 caseus
1305 648 1417 679 albens

475 697 631 728 formatur
655 696 869 737 manibusque
893 697 1008 736 premit
1032 698 1080 728 lac
1105 701 1214 739 pastor
1238 699 1277 730 ad
1303 699 1428 730 orbem!

479 747 617 779 candida
641 748 811 779 summittit
834 748 999 780 ferventes
1022 749 1141 780 bucula
1163 753 1270 781 tauros

475 800 709 841 eommittitque
733 799 833 831 duces
858 803 982 831 armata
1004 801 1110 832 fronte
1135 801 1298 834 iuvencos.

387 859 438 886 420
479 862 554 883 nam
577 851 683 893 gravis
708 854 758 882 est
780 861 916 892 regnare
941 852 1046 892 labor,
1080 856 1183 884 metus
1208 854 1329 884 excutit
1353 854 1466 895 ingens

476 903 573 934 eorda
597 902 725 941 ducum,
750 913 790 934 ne
814 903 901 934 bella
925 906 1027 942 ruant,
1052 915 1092 935 ne
1118 905 1183 935 tela
1208 905 1367 936 minentur

475 954 608 985 exitium
634 954 781 985 crudele:
805 955 894 986 necis
919 955 1014 986 timor
1037 956 1139 986 omnis
1162 956 1281 998 ubique
1306 960 1365 988 est.

476 1017 548 1037 nam
573 1006 698 1048 gladios
723 1006 838 1037 tellure
862 1010 981 1048 pavent
1004 1007 1183 1049 pelagoque
1208 1009 1367 1049 procellas

476 1058 651 1089 formidant
674 1068 733 1089 nec
759 1058 856 1099 plena
879 1058 973 1089 datur
996 1059 1087 1090 ducis
1112 1059 1192 1090 hora
1215 1060 1337 1101 quieti.³

386 1117 436 1144 425
477 1109 552 1140 dum
576 1109 726 1151 loquitur,
751 1109 840 1140 venit
863 1109 948 1140 unda
972 1110 1078 1151 gravis
1103 1113 1297 1152 resonatque
1321 1111 1447 1153 fragore

474 1164 506 1192 et
529 1161 661 1203 puppim
686 1161 845 1202 percussit
869 1161 976 1203 aquis:
1002 1161 1129 1193 sublata
1153 1163 1261 1193 carina

473 1213 596 1244 tollitur
621 1215 653 1243 et
677 1212 783 1254 Cypro
810 1213 904 1244 classi
928 1213 1064 1255 depulsa
1087 1214 1217 1245 resedit.

471 1268 545 1306 post
569 1265 695 1306 signum
719 1274 839 1296 venere
864 1267 950 1296 rates
975 1265 1139 1297 recidente
1163 1267 1305 1307 procella

473 1319 505 1347 et
530 1316 674 1358 Cyprum
698 1319 832 1348 tenuere
857 1316 959 1348 simul.
995 1317 1115 1358 legatio
1139 1319 1208 1349 sola

385 1376 436 1404 430
473 1368 584 1407 defuit,
608 1379 672 1399 una
694 1368 783 1399 fretis
808 1371 840 1400 et
863 1369 1012 1400 fluctibus
1036 1372 1110 1400 acta
1131 1373 1269 1412 negatur

472 1420 591 1462 puppis
615 1420 646 1450 in
670 1419 794 1451 Ionium
819 1420 938 1452 rabidis
962 1421 1084 1452 conlisa
1107 1422 1274 1463 procellis;

477 1471 613 1513 Aegaeo
638 1481 711 1502 nam
735 1472 830 1513 pulsa
854 1475 951 1505 caret.
985 1483 1061 1504 mox
1085 1476 1197 1514 pastor
1220 1474 1350 1505 harenis

470 1523 644 1554 Dardanus
669 1524 800 1554 exsiluit
823 1525 969 1555 tremulis
995 1528 1067 1566 post
1091 1536 1232 1566 aequora
1255 1526 1373 1567 plantis

475 1579 507 1607 et
530 1586 564 1606 se
589 1585 661 1606 cum
685 1576 781 1606 sociis
805 1578 893 1607 tacta
917 1577 1032 1608 tellure
1056 1577 1180 1609 refovit.

384 1635 435 1661 435
473 1627 580 1669 Cypro
603 1628 687 1659 festa
710 1627 778 1658 dies
802 1628 917 1659 natalis
942 1628 1024 1660 forte
1049 1628 1173 1660 Dionae

470 1680 524 1710 illa
547 1680 620 1711 luce
644 1679 712 1710 fuit.
748 1679 883 1710 veniunt
907 1680 947 1710 ad
971 1691 1062 1711 sacra
1086 1680 1247 1722 Cytherae

472 1731 607 1762 reddere
633 1734 707 1762 vota
731 1731 812 1762 deae
836 1731 990 1773 quidquid
1015 1732 1100 1773 capit
1123 1733 1227 1764 insula
1252 1733 1386 1774 Cypros.

471 1782 556 1824 quod
581 1793 696 1814 nemus
720 1782 868 1821 Idalium,
894 1783 980 1824 quod
1003 1784 1145 1815 continet
1168 1785 1234 1815 alta
1259 1784 1409 1826 Cythera,

472 1834 556 1876 quod
580 1834 717 1876 Paphon
742 1837 885 1873 exornat,
910 1835 1025 1866 tacitas
1050 1835 1131 1876 quod
1161 1836 1276 1867 lustrat
1300 1837 1461 1878 Amyclas.

384 1895 436 1922 440
475 1885 611 1918 candida
635 1889 805 1928 praeterea
828 1885 915 1917 Iovis
939 1887 1025 1917 alitis
1050 1887 1178 1918 Helena
1201 1888 1307 1929 proles

472 1942 615 1976 venerat,
640 1939 808 1969 absentem
832 1939 949 1970 retinet
973 1938 1048 1969 dum
1073 1938 1169 1970 Creta
1192 1939 1351 1972 maritum.

472 1990 585 2021 nuntia
609 1990 694 2021 fania
717 1990 806 2021 ducis
831 1993 930 2021 totam
956 1991 1139 2032 repleverat
1162 1991 1285 2029 urbem,

473 2041 646 2073 advenisse
670 2041 768 2072 Parin
792 2041 931 2073 Troiano
957 2042 1114 2083 sanguine
1139 2045 1272 2074 cretum.

179 2161 231 2187 410
250 2163 281 2187 Et
295 2162 327 2193 Ν,
347 2171 413 2187 corr.
426 2162 535 2187 Ribbeck:
605 2163 712 2187 tundent
725 2163 758 2192 N,
777 2172 843 2187 corr.
858 2163 972 2187 Iawzelli
1048 2162 1096 2188 411
1117 2164 1239 2188 lactentes
1258 2164 1385 2188 Biia-helm-
1461 2163 1510 2188 414
1531 2162 1664 2195 Mulcer(e)
1686 2164 1717 2193 N,

78 2214 142 2229 corr.
157 2205 286 2235 Iannelci;
304 2206 426 2230 muletrae
445 2205 571 2230 Bsiclaeler
589 2206 632 2237 qui
650 2215 706 2230 cum
725 2206 927 2231 antecedentibus
945 2207 1074 2231 coniunxit
1165 2206 1215 2231 415
1234 2207 1299 2231 diem
1318 2207 1348 2230 N
1430 2206 1480 2231 419
1499 2208 1575 2231 (luces
1594 2207 1626 2237 N,
1645 2207 1716 2238 quies

78 2247 202 2273 Bilclzeler
282 2248 334 2274 420
352 2253 389 2274 est
405 2249 480 2280 vlabor
497 2258 604 2281 regnare
626 2250 697 2274 labor
720 2250 746 2273 N
814 2251 896 2280 Quam
916 2250 1024 2274 Ribbeck·
1101 2249 1149 2274 4⁵21
1170 2251 1269 2274 Cordax
1287 2251 1380 2274 (lucum
1401 2250 1429 2273 N
1494 2250 1544 2275 422
1563 2251 1664 2274 Exitum
1685 2250 1716 2278 N,

78 2299 142 2315 corr.
161 2291 277 2316 Iannelli
346 2293 401 2317 neci
420 2293 455 2324 Ν,
478 2302 544 2318 corr.
559 2293 685 2317 Bticlaeler
774 2292 825 2317 424
850 2294 919 2325 queti
938 2293 971 2323 N,
995 2302 1060 2317 corr.
1079 2293 1194 2317 Imznelli
1281 2292 1331 2318 425
1353 2294 1452 2325 fragore
1479 2292 1555 2323 (corr.
1577 2301 1606 2317 co:
1632 2293 1668 2323 fl.)
1692 2292 1721 2315 N

109 2332 158 2358 427
177 2336 262 2366 Gyaro
275 2334 403 2366 BcUzrens,
421 2336 525 2369 scopulo
538 2340 560 2361 εἰ
573 2337 667 2361 recedit
680 2336 806 2360 Bsiclzeler
876 2336 950 2360 classi
966 2336 1082 2365 :S'cleenlch
1102 2336 1190 2361 classis
1204 2336 1233 2360 X
1298 2335 1348 2360 428
1361 2336 1484 2360 residente
1498 2336 1530 2366 N,
1545 2344 1611 2359 corr.
1626 2335 1716 2366 Peilwae·

110 2375 161 2401 430
178 2381 288 2410 vagatur
306 2378 415 2403 Ribbeck·
501 2378 552 2404 435
571 2380 653 2404 Dione
672 2379 706 2410 N,
724 2379 819 2404 Diones
838 2379 953 2403 lamella·
1039 2378 1089 2403 439
1109 2379 1203 2411 paphos
1222 2379 1255 2410 N,
1275 2388 1339 2403 corr.
1353 2379 1480 2403 Bsicleeler

179 2498 230 2524 409
249 2497 322 2531 Vcry.
338 2498 395 2524 bac.
412 2503 432 2531 1,
448 2502 475 2525 76
500 2499 614 2525 dumosa
638 2499 755 2532 pendere
783 2499 876 2532 procul
905 2499 936 2525 de
965 2508 1032 2532 rupe
1056 2498 1155 2525 videbo
1179 2498 1291 2531 capellas
1381 2499 1431 2524 415
1455 2498 1555 2523 Arntm'
1571 2502 1588 2528 1,
1604 2501 1645 2523 714
1665 2497 1715 2522 ‹lis-

78 2548 191 2576 cedente
222 2549 266 2575 die
365 2551 416 2577 418
438 2550 513 2583 Very.
532 2551 587 2577 buc.
606 2553 628 2583 1,
648 2555 683 2577 45
709 2550 868 2577 submittite
891 2552 984 2576 tauros
1081 2551 1132 2576 424
1151 2550 1221 2583 Very.
1240 2550 1307 2576 Aen.
1320 2554 1342 2581 5»,
1355 2554 1404 2576 82¹4
1429 2550 1510 2575 (latur
1536 2550 1602 2575 liora
1627 2548 1713 2582 quieti

110 2599 161 2625 433
180 2600 236 2626 Iuv.
258 2604 280 2633 6,
295 2605 327 2627 96
350 2601 475 2628 tremulis
489 2622 494 2628 .
509 2623 515 2629 .
530 2623 535 2628 .
559 2602 664 2636 plantis
750 2602 801 2628 4:34
825 2602 931 2628 Lucan.
952 2606 975 2634 5,
993 2606 1040 2628 677
1062 2602 1253 2634 fortunamque
1280 2610 1356 2627 suam
1384 2602 1461 2627 taeta
1488 2601 1585 2627 tellure
1611 2600 1716 2634 recepit

79 2652 122 2683 (cf.
139 2651 219 2679 Orest.
234 2655 295 2685 5239)
382 2654 432 2680 435
456 2655 499 2680 Or.
514 2657 568 2681 mci.
583 2659 622 2687 10,
635 2659 683 2681 270
702 2656 772 2681 festa
795 2654 852 2681 dies
870 2653 984 2680 Veneris
1010 2655 1071 2680 totu
1094 2653 1271 2679 celeberrima.
1291 2654 1380 2686 Cypro
1401 2654 1512 2679 venerat
1598 2652 1648 2678 436
1671 2652 1714 2677 Or.

77 2704 135 2729 met.
151 2707 170 2737 7,
186 2707 221 2730 85
239 2703 289 2730 illa
308 2705 367 2731 luce
387 2705 441 2732 fuit
527 2706 577 2732 438
594 2706 668 2739 Vcry.
682 2706 748 2732 Aen.
764 2710 802 2738 10,
817 2710 848 2731 &6
867 2706 925 2731 alta
940 2706 1061 2739 Cythera.
1079 2706 1129 2737 (10,
1142 2708 1182 2737 51)
1269 2705 1319 2730 4:39
1338 2704 1408 2737 me.
1424 2704 1490 2728 Aen.
1506 2707 1543 2735 10,
1557 2707 1602 2728 5164
1622 2702 1715 2728 tacitis

78 2754 205 2789 regnavit
224 2755 347 2789 Amyclis
435 2758 486 2783 442
506 2757 543 2783 ad
557 2758 633 2784 VIII
647 2762 698 2784 116.
732 2758 801 2791 Vera.
816 2758 884 2784 Aen.
900 2762 923 2790 9,
938 2761 985 2783 474
1004 2756 1101 2783 nuntia
1120 2757 1193 2783 sama
1212 2756 1275 2788 ruit,
1294 2757 1325 2787 cf.
1341 2755 1387 2781 Sil.
1401 2759 1436 2787 11,
1448 2758 1495 2781 374
1576 2753 1626 2779 443
1644 2753 1713 2786 I'cry,

78 2805 142 2833 Aen.
157 2810 182 2838 4,
196 2811 238 2833 191
259 2807 363 2835 venisse
382 2809 494 2836 Aenean
514 2810 633 2836 Troiano
653 2810 787 2844 sanguine
807 2812 911 2836 cretum
