2106 3061
728 190 893 217 CARMINA
914 192 1080 218 XLII—LII
1657 198 1718 227 259

84 333 163 377 (14)
642 330 767 366 XLVI.
795 330 856 365 DE
884 330 1159 366 HIRVNDINE.

473 395 637 426 Arboreas
661 406 763 426 exosa
786 406 895 426 comas
920 399 952 426 et
976 406 1050 426 rura
1074 396 1258 437 relinquens

516 450 644 478 vestrae
668 450 755 478 tecta
780 447 894 478 domus
918 447 1037 488 hospes
1060 447 1196 477 hirundo
1222 447 1302 478 colo.

474 509 580 540 parce,
605 509 728 540 precor,
752 502 879 529 nostros
904 498 999 528 dente
1023 499 1209 538 contingere
1233 501 1337 536 natos,

518 553 567 580 est
590 559 728 591 namque
752 549 877 581 facinus
902 549 1031 590 hospita
1054 549 1200 580 membra
1224 549 1324 579 cibus.

81 684 160 727 (15)
647 681 788 717 XLVII.
828 681 887 716 DE
914 681 1152 717 TVRTVRE.

472 747 561 777 Vtile
585 748 775 788 coniugibus
801 748 985 788 exemplum
1009 747 1150 788 praebeo
1175 749 1295 777 turtur:

473 809 536 829 non
562 802 674 841 repeto
699 799 876 830 thalamum
899 809 959 830 nec
984 799 1123 829 coniunx
1148 801 1237 828 casta
1261 798 1418 828 maritum.

81 933 160 976 (16)
654 931 812 967 XLVIII.
854 931 914 966 DE
942 930 1144 966 PAVONE.

473 997 612 1037 Fulgida
635 998 731 1039 pinna
755 997 831 1028 facit
855 997 1020 1028 inlustrem
1046 998 1189 1037 tegmine
1214 1007 1346 1038 pavum:

516 1059 615 1079 aurea
639 1049 747 1091 pluma.
771 1049 861 1088 nitet,
889 1048 944 1080 sed
970 1059 1043 1080 caro
1068 1049 1147 1079 dura
1170 1052 1288 1079 manet.

80 1183 159 1227 (17)
552 1179 606 1215 IL.
649 1180 708 1215 DE
737 1179 909 1215 AVIBVS
939 1179 1249 1223 LOQVACIBVS.

473 1245 636 1276 Psittacus
661 1250 692 1277 et
715 1257 840 1287 corvus,
865 1247 975 1277 cornix
1000 1250 1032 1277 et
1056 1246 1184 1287 garrula
1207 1246 1288 1286 pica,

514 1298 666 1338 graculus
692 1302 723 1329 et
748 1299 850 1329 sturni
875 1299 975 1329 verbu
1000 1298 1119 1329 referre
1143 1297 1259 1328 solent.

80 1433 159 1475 (18)
701 1430 740 1465 L.
782 1430 841 1465 DE
870 1430 1068 1466 BVBONE.

472 1495 587 1527 Vitans
612 1496 808 1537 plumigeras
832 1497 944 1527 infelix
971 1496 1055 1527 bubo
1079 1499 1225 1527 catervas

516 1549 657 1579 carmine
683 1548 770 1579 fatali
795 1548 907 1579 funcra
931 1548 1001 1579 (lira
1025 1548 1119 1579 cauit.

80 1681 158 1726 (19)
564 1680 621 1715 LI.
663 1679 723 1714 DE
750 1679 956 1715 ECHENAI
985 1679 1241 1715 PISCICVLO.

471 1745 631 1777 Parvulus
656 1747 808 1777 echenais
831 1747 995 1787 ingentem
1021 1746 1163 1787 pondere
1188 1756 1303 1776 navem

514 1798 663 1829 fluctibus
686 1799 717 1829 in
742 1798 857 1829 mediis
882 1808 937 1828 ore
962 1801 1073 1829 tenere
1099 1798 1195 1828 valet.

80 1933 160 1976 (20)
660 1931 735 1967 LII.
776 1930 836 1965 DE
864 1929 1135 1965 STELLIONE.

473 1996 585 2028 Stellio
609 2000 753 2038 guttatus
778 2007 895 2027 nomen
920 1996 959 2027 de
984 2006 1118 2038 corpore
1143 1995 1256 2026 sumsit

515 2049 645 2080 stellata
668 2049 802 2080 maculis
827 2048 978 2089 languida
1002 2048 1146 2079 membra
1170 2046 1313 2077 trahens.

181 2143 291 2176 [XLVI]
317 2146 352 2181 ’Λ
373 2144 431 2177 (fol.
446 2144 506 2176 4²⁴,
531 2144 603 2169 initia
623 2148 721 2169 tantum-
745 2144 873 2176 Zeywzlnr)
894 2143 947 2168 ΕΜ
1044 2143 1056 2167 1
1077 2151 1160 2168 comes
1179 2142 1201 2166 L
1300 2140 1316 2165 2
1335 2141 1422 2165 domos
1442 2141 1465 2162 Λ
1561 2137 1576 2161 4
1596 2137 1668 2161 cibus
1687 2136 1718 2167 L,

79 2188 163 2213 eibum
182 2185 213 2212 M
229 2188 294 2218 edd„
316 2189 338 2211 Λ
358 2196 410 2212 ¹now.
430 2188 521 2220 legitur

181 2237 308 2272 [XLVII]
345 2241 368 2263 Λ
387 2240 424 2271 (ut
442 2240 485 2272 46)
505 2239 561 2264 LJJ
577 2253 609 2258 —

183 2289 327 2323 [XLVIII]
365 2294 388 2315 A
403 2290 442 2322 (ut
460 2294 505 2322 46;
518 2293 586 2325 fines
604 2301 657 2317 non
677 2290 805 2324 leymztur)
825 2290 879 2315 LM
964 2288 980 2313 2
1000 2290 1082 2314 nitent
1101 2289 1122 2312 L

185 2340 241 2374 [IL]
279 2344 302 2366 A
322 2341 361 2374 (ut
378 2345 418 2374 46,
437 2343 511 2368 initia
529 2352 581 2368 non
601 2342 729 2376 leguntur)
748 2343 781 2366 Μ
846 2343 873 2366 «in
893 2342 926 2366 tit.
947 2342 1098 2373 loquacibus
1120 2343 1150 2372 A,
1169 2340 1283 2372 loquacis
1303 2339 1336 2362 M
1418 2336 1433 2361 2
1453 2335 1581 2368 Gragulus
1601 2334 1631 2358 M

182 2392 224 2426 [L]
262 2393 320 2418 LM
389 2395 403 2419 1
423 2395 514 2420 vitans
533 2404 599 2420 corr.
612 2404 681 2420 man.
693 2399 758 2427 post.
771 2395 797 2419 in
816 2395 905 2419 Nitens
925 2394 946 2417 L

181 2443 241 2477 [LI]
278 2445 336 2469 LM
401 2447 439 2470 De
458 2447 550 2472 achina
569 2446 605 2478 All,
625 2447 752 2471 Decihtna
772 2446 793 2470 L
813 2451 835 2471 et
855 2446 867 2470 l
889 2446 1002 2470 ecihtnas
1021 2445 1078 2469 LM
1094 2446 1127 2477 cf.
1141 2444 1224 2469 vincls.
1237 2452 1258 2467 v.
1272 2441 1390 2466 echenais

182 2494 256 2528 [LII]
292 2496 350 2520 LM
418 2497 431 2521 1
451 2498 523 2522 Stilio
543 2498 566 2522 L

182 2589 324 2623 [XLVIII]
361 2591 430 2625 Auq.
445 2591 491 2617 cir.
504 2591 545 2617 dei
564 2595 602 2624 21,
615 2596 639 2624 4,
655 2596 667 2617 1
686 2592 751 2618 deus
766 2612 770 2617 .
787 2613 791 2618 .
806 2612 810 2618 .
832 2591 907 2618 dedit
928 2590 1004 2617 carni
1018 2589 1133 2624 pavonis
1153 2587 1254 2615 mortui
1274 2595 1306 2613 ne
1321 2586 1479 2619 putesceret
1493 2591 1541 2616 eqs.
1609 2582 1639 2613 ‘'f-
1654 2581 1718 2607 Isis]-

81 2640 146 2674 oriy.
160 2644 199 2673 12,
217 2644 236 2674 7,
250 2645 283 2668 48
302 2641 380 2668 Aldh.
394 2650 452 2669 aen.
466 2645 524 2669 tetr.
540 2646 576 2676 16,
591 2646 612 2670 3.
627 2648 643 2669 4

185 2701 225 2734 [L]
261 2701 295 2733 ef.
310 2701 375 2728 Isid.
389 2702 454 2736 ori'y.
470 2706 506 2735 12,
521 2707 541 2736 7,
555 2706 586 2729 39

186 2752 243 2786 [LI]
281 2753 315 2785 cf.
330 2752 394 2779 Isid.
408 2754 472 2787 oriy.
487 2758 523 2787 152,
537 2758 560 2787 0,
573 2758 607 2780 34

182 2803 255 2838 [LII]
292 2804 325 2836 cf.
338 2804 402 2831 Isid.
417 2805 482 2838 oriy.
498 2809 533 2837 12,
547 2810 570 2837 4,
584 2809 616 2832 38

1467 2848 1515 2874 33*
