2106 3061
795 191 952 218 ORESTES
1627 201 1688 230 223

445 276 576 318 Pyladis
600 280 723 308 tantum
747 278 848 309 facies
875 289 937 309 non
962 281 1059 310 terret
1083 281 1229 314 amicum.

445 328 528 359 inter
550 328 683 360 delicias
708 329 811 371 epulis
834 330 996 371 regalibus
1020 334 1112 372 aptas

359 388 409 415 855
446 381 545 412 esurit
568 384 600 411 et
623 380 747 412 facibus
773 382 961 422 prohibetur
985 385 1116 424 tangere
1141 395 1278 417 mensas.

445 432 491 463 sic
515 432 641 463 inferna
664 432 766 464 fames
790 433 895 464 animo
920 437 1088 476 torquetur
1110 435 1219 467 inane:

444 483 580 525 prandia
604 484 806 525 conspiciens
831 484 967 526 dapibus
991 486 1137 517 conferta
1161 489 1328 528 potentum

445 535 590 576 ingemit,
614 545 651 566 ac
675 535 781 566 nullus
806 536 895 567 cibus
920 539 978 576 est,
1003 536 1058 567 sed
1082 537 1187 579 imago
1212 538 1367 577 ciborum,

445 597 525 628 quos
550 597 610 618 nec
634 589 669 618 ut
692 586 838 628 adtingat
861 587 944 618 furia
967 588 1137 620 cohibente
1162 592 1295 621 vetatur.

359 646 409 673 860
446 638 522 679 quid
545 638 665 670 faciat?
711 649 790 680 quos
814 639 868 670 ille
893 639 980 678 deos,
1004 651 1086 681 quae
1110 641 1242 672 numina
1265 652 1402 683 poscens

444 690 552 722 eliciat
575 691 738 732 supplex?
784 691 836 722 vel
861 692 955 722 tertia
978 703 1079 733 regna
1103 693 1238 734 fatiget?

529 743 603 773 dum
628 743 749 774 deflent
773 754 884 775 omnes
910 746 942 774 et
965 746 1033 775 tota
1057 744 1218 786 plangitur
1242 746 1324 784 aula,

444 794 526 825 alter
550 794 644 826 adest
666 795 816 836 gemitus,
842 795 943 826 tristis
967 795 1058 827 dolor
1082 799 1112 827 et
1136 799 1241 828 metus
1264 797 1385 838 ingens.

444 849 579 878 venerat
596 846 845 878 Andromachae
871 847 999 878 soboles
1023 847 1202 889 Pyrrhique
1226 848 1387 880 Molossus

357 906 407 933 805
443 899 580 929 ultorem
604 899 760 940 genitoris
785 909 895 940 agens
939 899 1081 941 Pylades
1106 899 1255 931 Orestem

444 950 528 981 tollit
551 953 584 981 et
607 953 759 981 externas
784 950 983 981 subtractum
1006 951 1104 982 mittit
1127 951 1167 982 ad
1191 962 1274 982 oras.

443 1002 538 1033 litora
562 1002 751 1043 contigerat,
775 1001 904 1033 fuerant
926 1002 980 1033 ubi
1004 1003 1125 1044 templa
1148 1002 1273 1034 Dianae
1298 1022 1338 1026 —

443 1064 513 1085 mos
537 1053 593 1085 ubi
617 1064 733 1085 saevus
758 1056 841 1085 erat:
867 1054 966 1085 miser
989 1054 1115 1085 advena
1137 1055 1266 1085 victima
1289 1055 1364 1086 ferri

444 1105 571 1136 ducitur
595 1123 635 1128 -—
659 1108 786 1137 erectus
812 1116 887 1137 mox
911 1108 976 1137 stat
998 1106 1132 1136 vittatus
1156 1106 1196 1137 ad
1221 1117 1303 1138 aras.

356 1165 407 1193 870
443 1157 522 1188 vidit
544 1160 589 1196 ut,
614 1160 757 1188 armatur
781 1156 866 1198 quod
891 1157 975 1188 ferro
1003 1156 1068 1198 (ex)
1095 1168 1181 1189 more
1206 1157 1368 1197 sacerdos,

444 1209 599 1251 expulsus
623 1212 744 1241 terrore
769 1209 870 1240 furor:
896 1220 980 1240 mors
1004 1210 1152 1251 proxima
1177 1212 1318 1241 mentem

443 1260 581 1292 reddidit
604 1264 638 1292 et
660 1264 784 1303 partem
808 1261 950 1292 tribuere
974 1260 1111 1292 adversa
1135 1261 1262 1296 salutis;

443 1323 517 1344 nam
543 1313 643 1344 miser
665 1313 867 1354 ingeminans
884 1313 1130 1354 Agamemnona
1154 1323 1249 1355 saepe
1274 1314 1408 1345 vocavit.

445 1365 592 1396 audierat
616 1365 729 1396 sollers
754 1364 925 1406 Iphigenia
949 1375 1065 1396 nomen
1082 1364 1219 1395 Atridis:

355 1426 407 1452 875
445 1416 573 1455 ‘hostia,
598 1416 658 1455 dic,
683 1416 754 1458 quis
771 1427 853 1455 eras,
878 1419 933 1448 aut
950 1427 1006 1447 cur
1022 1416 1269 1458 Agamemnona
1284 1417 1438 1448 clamas?³

446 1468 575 1500 saucius
599 1468 655 1499 ille
678 1468 793 1499 refert:
817 1467 889 1509 ‘ego
914 1479 983 1499 sum
1007 1468 1208 1499 miserandus
1233 1468 1367 1500 Orestes

442 1522 546 1551 matre
571 1519 810 1561 Clytaemestra
832 1519 972 1560 genitus,
996 1523 1149 1561 regnator
1165 1520 1296 1551 Atrides

443 1575 554 1603 noster
579 1574 648 1603 erat
671 1569 818 1612 genitor.²
863 1582 925 1602 non
951 1572 1034 1602 ultra
1056 1582 1153 1613 passa
1175 1572 1358 1613 loquentem

445 1623 581 1665 proiecit
605 1623 742 1654 cultrum
766 1633 922 1664 percussa
945 1623 1048 1654 fronte
1072 1623 1238 1654 sacerdos:

358 1684 409 1710 830
444 1674 580 1713 ‘solvite,
606 1675 785 1714 carnifices,
809 1674 1006 1716 trepidantia
1029 1675 1174 1706 membra
1197 1675 1300 1716 ligati:

443 1727 599 1769 sanguine
624 1726 722 1758 corda
747 1729 866 1766 carent,
892 1737 955 1758 non
980 1730 1029 1758 est
1054 1727 1134 1758 haec
1159 1727 1265 1758 hostia
1287 1728 1402 1769 grata.³

442 1779 525 1810 dixit
549 1782 582 1810 et
605 1781 739 1810 exutum
763 1779 850 1810 vittis
876 1779 1049 1810 summovit
1075 1778 1114 1809 ab
1139 1789 1204 1819 ara,

444 1831 592 1862 omnibus
618 1831 757 1862 exclusis
781 1841 844 1862 non
868 1841 902 1862 se
926 1834 1025 1872 negat
1050 1842 1123 1863 esse
1148 1842 1307 1867 sororem:

154 1934 205 1959 855
236 1933 351 1958 Esuriret
380 1932 499 1957 faucibus
529 1932 553 1956 B
657 1929 708 1955 856
736 1930 777 1954 Sic
806 1938 841 1954 rm
869 1930 906 1954 Sit
933 1930 1056 1954 incertum
1084 1931 1108 1954 B
1204 1931 1303 1955 interna
1333 1933 1423 1965 Miilzlgs
1510 1934 1574 1957 fame
1607 1942 1693 1957 somno

50 1978 174 2010 Bossbergy
257 1977 327 2002 inani
355 1976 446 2008 Miilzly
544 1973 593 1999 857
621 1974 735 1999 Grandia
761 1974 894 2006 conspiens
924 1973 948 1997 B
1026 1978 1141 1998 conserta
1169 1974 1193 1998 Α
1288 1974 1338 1999 859
1365 1977 1434 2006 Quos
1462 1977 1533 2000 noc&
1560 1977 1694 2008 adtingunt

50 2021 234 2046 furiaccibente
253 2023 354 2045 uetatur
372 2019 404 2050 B,
423 2020 492 2049 Quos
512 2026 559 2043 nec
578 2022 606 2042 ut
625 2018 735 2050 attingat
752 2018 819 2042 suria
837 2017 1004 2041 accumbente
1023 2020 1124 2042 uelatur
1142 2017 1165 2041 A
1237 2026 1268 2042 ne
1286 2018 1420 2050 contingat
1438 2019 1557 2043 Biilzrcns
1628 2020 1694 2043 suria

51 2065 183 2090 cohibente
208 2064 302 2095 Hayeu
393 2061 444 2086 860
465 2062 524 2086 deos
547 2070 611 2093 quae
638 2061 670 2091 A,
695 2061 754 2085 deos
777 2070 827 2093 quo
850 2060 874 2084 B
947 2064 1052 2092 poscent
1078 2060 1102 2084 B
1195 2059 1243 2085 861
1269 2064 1297 2085 ut
1321 2061 1352 2089 B,
1383 2070 1414 2085 au
1438 2061 1471 2091 A,
1499 2063 1538 2086 vel
1562 2062 1693 2093 Iz'ossbergs.

51 2111 96 2132 aut
117 2107 227 2132 Schenkl
321 2104 372 2130 862
391 2105 484 2129 deflent
503 2104 535 2134 A,
555 2105 698 2136 deplectent
717 2104 741 2128 Β
828 2103 878 2127 863
898 2104 968 2128 Alter
991 2103 1022 2134 Β,
1048 2104 1120 2128 Ultor
1139 2104 1162 2128 Α
1250 2103 1301 2129 865
1313 2104 1411 2136 .pilatlis
1431 2105 1454 2128 A
1548 2105 1598 2129 866
1617 2106 1694 2129 Tollit

51 2154 76 2176 et
94 2151 126 2180 A,
146 2150 239 2174 Tollite
257 2149 281 2173 B
359 2152 477 2173 externas
496 2148 527 2179 B,
551 2152 677 2172 extremas
696 2147 720 2170 A
812 2145 861 2171 867
888 2148 974 2171 Lnera
998 2148 1124 2171 couticera
1144 2148 1175 2178 D,
1199 2148 1297 2171 Liuore
1321 2148 1487 2172 constiterant
1506 2148 1529 2170 Α
1600 2148 1643 2171 ubi
1663 2148 1693 2177 R,

51 2194 85 2218 ibi
105 2193 128 2217 Α
217 2191 268 2218 868
286 2193 331 2217 ubi
350 2200 442 2216 saevus
462 2190 495 2221 Α,
513 2191 603 2215 serbus
621 2191 666 2214 ubi
685 2190 716 2220 B,
736 2190 771 2213 ibi
790 2198 881 2214 saevus
900 2189 1049 2214 Rothmaler
1131 2189 1180 2214 869
1200 2193 1296 2214 erectas
1310 2189 1460 2214 h’otlmzaler
1530 2199 1587 2214 mox
1606 2191 1694 2214 statui*

51 2240 119 2261 tatus
133 2236 164 2268 B,
184 2244 242 2260 mox
261 2236 314 2268 ipse
336 2238 449 2260 staturus
469 2234 493 2258 A
579 2232 631 2258 870
649 2234 738 2257 Vuidit
757 2234 783 2263 (u
802 2233 851 2257 del.
871 2232 918 2263 ΒΖ)
939 2233 963 2256 B
1032 2236 1144 2257 armatur
1163 2232 1207 2261 B¹‚
1230 2236 1341 2257 armetur
1360 2232 1422 2256 B³A
1493 2233 1559 2264 quod
1579 2234 1642 2257 ferro
1663 2233 1694 2262 il,

52 2288 99 2304 om.
114 2280 209 2303 lacuna
226 2286 313 2303 novem
326 2279 381 2310 fere
394 2277 482 2302 litteris
501 2281 563 2309 apta
576 2276 600 2300 B
664 2285 695 2300 ex
709 2276 801 2300 addidi
870 2279 983 2300 armatur
997 2277 1062 2300 ferro
1081 2276 1111 2300 de
1125 2284 1193 2299 more
1206 2275 1331 2307 Bossbery
1399 2274 1447 2300 871
1469 2284 1534 2300 mors
1547 2276 1578 2305 B,
1599 2285 1655 2300 mox
1671 2276 1692 2299 A

86 2321 137 2347 872
150 2322 261 2347 tribuere
276 2322 307 2351 A,
328 2321 421 2345 triuere
434 2320 459 2344 B
528 2318 577 2344 873
590 2324 684 2344 uocant
698 2319 722 2343 B
792 2318 841 2343 874
855 2319 971 2351 sifigenia
984 2319 1015 2350 B,
1029 2319 1166 2350 ephigenia
1178 2317 1203 2341 A
1273 2319 1369 2343 atridae
1382 2318 1404 2342 A
1476 2317 1526 2343 875
1544 2318 1657 2342 clamans
1674 2317 1694 2340 B

85 2364 135 2390 876
154 2363 228 2390 rest&
250 2364 280 2395 B,
300 2364 333 2397 cf.
347 2366 397 2388 900
493 2361 544 2387 880
561 2363 647 2395 ligatis
668 2362 725 2394 BA,
745 2371 811 2387 corr.
830 2362 980 2387 Rothmaler
1074 2361 1123 2386 881
1150 2366 1238 2387 carent
1260 2362 1291 2392 B,
1314 2362 1410 2386 micant
1430 2361 1452 2385 A
1548 2360 1598 2385 882
1623 2361 1693 2385 uiuis

52 2408 164 2433 sinnouit
182 2407 214 2437 A,
233 2408 294 2432 uitis
312 2406 441 2432 snmobita
459 2405 483 2430 B

154 2497 205 2523 854
238 2496 282 2522 02⁷.
302 2499 358 2522 met.
379 2499 401 2527 6,
420 2498 472 2522 488
494 2495 602 2529 regales
628 2494 735 2528 epulae.
777 2493 881 2526 Coripp.
901 2493 967 2519 Inst.
987 2496 1010 2525 3,
1030 2496 1077 2518 128
1104 2492 1176 2519 inter
1199 2492 1321 2519 delicias.
1361 2496 1384 2524 3,
1401 2497 1434 2518 ⁸7
1458 2492 1563 2526 regales
1590 2491 1694 2525 opulas.

52 2549 85 2580 cf.
99 2552 121 2581 3,
134 2551 181 2574 217
266 2548 316 2574 856
335 2549 526 2580 comparantur
551 2546 684 2579 Lapithae
702 2554 722 2571 r.
739 2545 813 2578 Vcry.
831 2546 895 2570 Aen.
917 2548 938 2577 6,
953 2548 1001 2570 603
1015 2552 1082 2577 sqq.;
1109 2543 1228 2577 ingemit
1247 2547 1271 2569 ct
1294 2545 1405 2570 vetatur
1427 2543 1614 2577 coninnycnda
1636 2551 1694 2568 cum

53 2600 158 2627 inferna
178 2599 265 2626 fames
353 2598 404 2626 860
424 2598 529 2624 Homer.
550 2602 598 2625 970
617 2597 683 2631 quid
702 2597 790 2631 agat?
810 2606 880 2630 quac
900 2595 1013 2622 numina
1037 2596 1154 2630 supplex
1178 2595 1307 2622 invocet?
1394 2596 1442 2622 861
1468 2595 1511 2621 Or.
1525 2603 1575 2620 ιιηι,
1589 2597 1612 2626 3,
1627 2598 1650 2625 S,
1662 2598 1695 2619 50

53 2651 137 2678 tertia
165 2660 251 2685 regna
277 2650 351 2682 (fast.
366 2654 449 2682 4,584
474 2649 561 2683 Lyqd.
580 2653 604 2682 5,
625 2650 674 2681 22).
704 2649 739 2682 es'.
759 2648 815 2674 incl.
832 2658 852 2674 s.
874 2657 895 2674 Γ.
923 2648 1021 2675 tertius
1134 2648 1184 2674 867
1211 2648 1314 2673 Lucan.
1334 2651 1357 2679 8,
1377 2650 1410 2673 33
1434 2647 1516 2673 litora
1540 2645 1694 2679 contigerat

87 2703 138 2730 870
159 2702 226 2728 siat.
247 2702 323 2728 Theb.
346 2705 367 2734 7,
383 2705 433 2728 568
456 2701 569 2735 timidas
593 2709 624 2727 ex
648 2709 722 2727 more
745 2700 913 2727 sacerdos..
931 2721 937 2726 .
966 2701 1045 2725 curat
1148 2699 1198 2725 873
1224 2698 1299 2732 Vcry.
1318 2699 1384 2724 Aen.
1402 2702 1425 2730 2,
1449 2702 1492 2724 769
1516 2698 1693 2723 Creusam...

55 2754 227 2789 ingeminans
252 2753 408 2786 iterumque
437 2752 591 2786 iterumque
617 2751 714 2778 vocavi
818 2752 867 2777 881
898 2751 927 2777 X
951 2754 1000 2777 *246
1026 2750 1160 2784 sanguine
1188 2749 1311 2776 membra
1338 2750 1440 2776 carent.
1480 2748 1534 2774 iam
1563 2758 1615 2773 non
1642 2747 1695 2773 erit

54 2805 145 2832 hostia
163 2807 244 2839 grata.
