2106 3061
691 159 841 187 EVGENII
878 159 1132 187 HEXAEMERON
1686 163 1725 192 67

501 251 535 279 tu
558 247 661 287 nobis,
686 247 804 278 invicte
829 247 917 285 deus,
941 247 1061 288 pietate
1084 246 1256 277 medellam

348 309 398 334 625
502 298 660 340 inpendis‚
686 299 737 330 cui
762 301 873 329 sancta
898 299 985 329 salus
1011 297 1225 329 medicamine
1250 299 1337 329 nullo
1363 302 1421 337 est,

445 368 481 386 745
502 351 587 393 quod
610 351 735 393 species
758 353 889 382 terrena
912 352 1004 391 parat
1027 349 1190 390 languoris
1215 349 1255 380 ad
1279 353 1396 381 aestus.

501 413 575 445 spes
598 403 765 434 hominum
789 411 923 432 cernens
948 404 980 432 et
1003 403 1079 431 vota
1101 400 1268 441 precantia
1292 401 1460 442 complens

500 454 608 496 aspice
632 453 804 491 deiectum,
829 452 1019 493 despectum
1043 451 1121 482 tolle
1146 462 1319 493 parumper

500 506 749 546 confessumque
773 505 858 542 iuva,
884 514 979 545 quem
1004 503 1148 544 paenitet
1173 513 1246 534 esse
1270 506 1452 542 nocentem,

347 566 398 593 630
501 560 537 588 ut
560 557 686 588 valeam
710 566 841 587 narrare
866 558 939 586 tuas
964 555 1024 585 hoe
1049 554 1189 585 carmine
1213 554 1337 593 laudes⁷

444 624 482 643 750
501 619 579 650 quas
603 611 715 650 potero
740 606 826 647 (nam
851 617 947 637 nemo
972 606 1059 636 valet
1082 616 1213 636 narrare
1237 608 1364 636 creatus

501 660 553 691 vel
576 659 737 691 modicum
760 658 909 689 facientis
935 657 1040 699 opus),
1065 657 1149 698 quod
1174 667 1264 688 mens
1289 667 1345 688 rea
1370 657 1486 688 clamat

501 715 633 754 pectore
657 713 791 742 contuso
814 709 986 740 lacrimans
1011 712 1043 739 et
1066 719 1144 739 voce
1168 708 1270 744 fideli;

502 764 598 794 obses
623 772 728 794 sermo
752 764 827 792 tuus
851 763 960 792 nostro
985 770 1059 791 nam
1083 759 1179 790 corde
1204 762 1343 797 tenetur⁷

348 824 398 851 635
503 825 564 856 quo
588 817 620 845 te
642 813 803 855 promittis
827 813 926 843 nimia
948 812 1069 853 pietate
1094 814 1273 853 parentem.

253 977 466 1011 EXPLICIT
492 976 743 1008 DRACONTII
766 975 903 1008 LIBER
925 975 1093 1007 PRIMVS
1118 975 1177 1007 DE
1202 975 1399 1006 FABRICA
1426 974 1572 1006 MVNDI

758 1035 1078 1068 ARGVMENTVM

247 1117 308 1148 hoc
338 1116 487 1157 sequenti
516 1115 626 1146 libello
652 1115 792 1146 auctoris
819 1113 997 1146 satisfactio
1022 1113 1219 1151 continetur,
1252 1122 1313 1154 qua
1337 1112 1547 1154 omnipotenti
1572 1112 1632 1143 (leo

248 1169 375 1200 veniam
410 1167 508 1209 petit,
543 1177 583 1198 ne
612 1166 823 1209 praecedenti
859 1166 1000 1197 carmine
1034 1165 1153 1206 aliquid
1183 1165 1330 1195 incautus
1367 1167 1521 1202 errasset,
1559 1163 1632 1194 dein

211 1236 221 1254 ε.
249 1219 432 1251 Theodosio
455 1219 570 1250 iuniori
593 1219 743 1260 Augusto
767 1228 897 1260 precem
923 1217 1041 1256 defert,
1072 1228 1128 1248 eur
1151 1216 1189 1247 de
1216 1216 1385 1258 triumphis
1409 1216 1494 1246 illius
1520 1215 1633 1246 eodem

251 1281 347 1314 opere
371 1271 538 1304 tacuisset.

250 1365 417 1397 INCIPIT
441 1365 578 1396 LIBER
603 1364 835 1396 SECVNDVS
860 1363 1111 1395 DRACONTII
1136 1361 1428 1394 SATISFACTIO
1454 1362 1539 1393 PRO
1566 1361 1618 1392 SE

459 1424 590 1458 (Enyenii
607 1425 784 1451 recensionem
802 1431 851 1450 nos
870 1423 947 1449 izcoeta
966 1423 1111 1449 Draeontn·
1129 1430 1194 1455 022ch
1212 1422 1288 1454 infra
1309 1421 1424 1454 edemus)

251 1512 462 1544 EXPLICIT
485 1511 686 1543 EIVSDEM
710 1511 958 1543 DRACONTII
982 1509 1120 1541 LIBER
1145 1508 1378 1541 SECVNDVS

206 1590 230 1608 10
253 1572 420 1604 INCIPIT
443 1571 737 1604 MONOSTICHA
761 1570 1204 1602 RECAPITVLATIONIS
1230 1568 1405 1601 SEPTEM
1429 1568 1605 1599 DIERVM

455 1640 582 1671 Primus
606 1640 638 1671 in
663 1640 739 1672 orbe
765 1639 833 1671 dies
858 1640 939 1670 lucis
963 1638 1138 1681 primordia
1162 1637 1308 1680 sumpsit,

456 1692 539 1723 alter
562 1692 762 1734 splendifluis
787 1692 913 1723 caelum
937 1691 1076 1721 firmavit
1100 1691 1131 1721 in
1156 1690 1227 1728 oris,

455 1744 568 1775 tertius
592 1743 789 1785 undivagum
813 1753 901 1774 mare
926 1742 981 1773 dat
1005 1753 1077 1773 cum
1102 1742 1246 1783 germine
1271 1743 1386 1778 terrae,

457 1798 588 1837 quartus
613 1795 711 1826 habet
734 1795 903 1826 Phoebum
928 1795 1102 1835 lunamque
1127 1796 1159 1824 et
1183 1792 1290 1824 sidera
1313 1792 1406 1831 caeli,

372 1856 387 1882 5
459 1847 589 1888 quintus
614 1847 810 1888 plumigeras
834 1847 982 1877 volucres
1006 1846 1178 1887 piscesque
1202 1847 1363 1883 natantes,

459 1901 569 1930 sextus
593 1898 828 1940 quadrupedes,
853 1901 984 1939 reptans
1009 1897 1219 1937 hominesque
1245 1906 1392 1937 sagace-23.

544 1951 699 1992 septimus
725 1953 774 1981 est
798 1949 927 1980 domino
952 1949 1081 1990 requies
1106 1948 1155 1979 his
1181 1949 1240 1979 rite
1265 1947 1414 1989 peractiS,

459 2013 523 2034 non
547 2003 622 2044 quia-
646 2002 868 2044 eunetipotens
893 2001 1034 2032 humano
1058 2010 1145 2031 more
1172 1999 1299 2030 laboret

203 2141 254 2167 624
272 2143 346 2167 Tune
364 2141 396 2166 Μ
462 2141 596 2165 medellam
614 2140 731 2172 inpendis
753 2138 754 2171 l
776 2139 823 2164 Cui
842 2143 929 2164 saneta
949 2139 981 2162 JI
1064 2137 1114 2163 625
1133 2137 1253 2169 Inpendis
1277 2144 1334 2161 cum
1362 2139 1451 2160 sancta
1470 2133 1547 2165 LQZ,
1566 2133 1684 2165 Inpendis
1703 2133 1743 2157 cui

102 2185 159 2216 (hoc
177 2194 224 2210 om.
238 2184 272 2215 P)
291 2189 385 2210 cuncta
404 2184 454 2209 FP
470 2184 526 2209 edd.
598 2188 636 2208 est
655 2191 702 2208 om.
717 2183 764 2206 PZ
849 2182 899 2207 62⁴5
924 2183 1014 2206 adetus
1034 2181 1089 2212 LQ,
1110 2181 1195 2212 adepti
1215 2180 1239 2203 Z
1322 2178 1372 2203 629
1391 2178 1463 2202 iubat
1482 2177 1532 2202 FP
1599 2185 1674 2208 quem
1694 2184 1743 2200 non

103 2237 126 2261 p.
145 2237 167 2254 e.
186 2232 284 2253 noctem
305 2228 352 2258 LQ
439 2226 490 2252 630
508 2227 540 2251 Et
558 2225 586 2250 F
669 2224 719 2250 63⁶2
737 2233 808 2250 mens
827 2225 947 2249 reclamat
967 2224 1021 2255 LQ,
1041 2228 1124 2248 mente
1143 2223 1264 2248 reclamet
1283 2222 1307 2246 Z

207 2288 229 2314 1.
248 2288 264 2313 2
287 2289 322 2313 sic
341 2288 383 2319 M,
407 2297 454 2313 om.
472 2285 564 2318 PFQ,
589 2287 613 2311 L
635 2287 673 2311 m'l
695 2286 768 2310 lzabet
789 2286 839 2310 7ιίδί
863 2286 1021 2310 EXPLICIT
1045 2284 1232 2309 DRACONTII
1259 2283 1360 2307 LIBER
1388 2282 1525 2312 PRIMUS,
1555 2280 1645 2305 delude
1672 2279 1744 2303 salis-

103 2332 182 2365 faclio
205 2336 227 2356 et
244 2332 400 2356 monosticha
419 2332 510 2356 desunt
527 2332 553 2355 in
573 2330 645 2360 LQZ
723 2329 739 2354 3
758 2330 850 2354 actoris
869 2328 900 2360 F,
924 2329 1021 2353 auctori
1041 2328 1073 2351 All
1140 2336 1217 2359 quam
1236 2327 1273 2358 M,
1292 2326 1365 2351 ‘nolui
1384 2334 1433 2358 qua
1452 2326 1484 2349 ab
1566 2324 1582 2348 4
1601 2326 1695 2347 erraset
1708 2322 1745 2351 M,

104 2379 185 2400 eraset
204 2375 231 2399 F
314 2375 330 2399 5
348 2375 460 2400 teodosio
479 2374 516 2404 M,
534 2374 648 2399 teudosio
667 2373 717 2397 FP
803 2372 825 2397 5.
846 2371 861 2396 6
880 2372 967 2396 codem
986 2380 1060 2404 opere
1080 2371 1201 2396 tacuisset
1220 2379 1266 2394 om.
1281 2369 1312 2393 M
1398 2368 1412 2392 7
1432 2378 1477 2392 om.
1493 2367 1543 2391 FP
1617 2366 1640 2390 9.
1663 2366 1694 2389 10
1711 2365 1746 2388 sic

104 2418 131 2443 in
153 2418 213 2443 FP:
240 2418 461 2443 MONOSTICHA
489 2417 612 2447 (-STICA
639 2416 703 2447 PM)
734 2415 1064 2440 RECAPITULATIONIS
1095 2414 1232 2439 SEPTIMI
1261 2414 1331 2437 DIEI
1360 2412 1382 2436 A
1412 2412 1524 2436 BEA'ro
1552 2411 1683 2441 (DOMNO
1713 2408 1744 2438 J')

105 2462 254 2486 EUGENIO
273 2462 307 2486 IN
327 2461 405 2485 FINE
423 2461 514 2485 LIBRI
532 2460 718 2484 DRACONTII
736 2458 1050 2489 ADICIENDA(‹1ECTA
1070 2457 1097 2481 F
1112 2465 1209 2489 maryo,
1228 2456 1261 2487 P)

207 2531 294 2547 versus
312 2524 385 2547 1—7
402 2526 476 2546 erant
493 2522 544 2546 iam
568 2521 633 2545 inter
652 2519 761 2552 Euqenli
784 2519 902 2543 carmina
920 2519 1034 2549 minora,
1058 2526 1126 2542 manc
1150 2526 1254 2542 carmen
1274 2518 1307 2541 37
1392 2523 1477 2539 rursus
1496 2516 1586 2539 1—3.·.‘
1610 2523 1655 2538 suo
1679 2524 1747 2538 iuuare

106 2566 209 2598 furatus
227 2571 261 2590 est
273 2566 414 2598 Wiybodus,
433 2569 490 2589 sunl
508 2565 574 2589 enim
593 2572 649 2588 cum
661 2564 746 2588 titulo:
766 2563 840 2587 Ratio
851 2563 897 2587 VII
916 2563 1013 2586 dierum
1034 2562 1166 2586 ordinatur
1184 2562 1210 2585 in
1230 2560 1313 2585 codiee
1328 2560 1355 2584 S.
1368 2559 1505 2583 Maecimini
1518 2559 1582 2582 edim
1602 2568 1617 2581 α
1632 2558 1748 2581 Murteae

107 2609 156 2641 (M.
169 2613 192 2634 et
203 2609 325 2640 Dumna,
344 2612 388 2633 vet.
402 2609 487 2640 script.
506 2612 528 2633 et
546 2615 655 2631 monum.
671 2607 749 2638 ampl.
764 2605 874 2630 collectio
890 2605 931 2629 IX
948 2604 1067 2634 295-8),
1089 2606 1120 2628 34
1139 2609 1161 2628 et
1179 2605 1212 2628 35
1231 2611 1290 2627 usus
1310 2607 1344 2627 est
1363 2603 1427 2626 [clem
1445 2602 1472 2626 in
1491 2602 1602 2625 carmine
1619 2602 1648 2624 ΙΙ
1667 2602 1747 2631 (Paul.

110 2653 193 2678 Carol.
209 2654 264 2685 ΙΙ).
281 2654 330 2685 97),
351 2655 384 2678 60
393 2661 427 2684 sq.
515 2651 530 2676 2
549 2653 574 2677 in
593 2652 679 2676 horbis
699 2650 735 2680 M,
755 2651 781 2674 in
800 2650 868 2674 orbis
889 2651 911 2672 Λ
934 2649 1097 2680 (cm-111.min.
1112 2648 1154 2680 37)
1242 2647 1257 2672 6
1276 2648 1380 2679 fugaces
1400 2647 1461 2670 mire
1480 2645 1536 2670 edd,

213 2782 224 2807 1
246 2780 345 2806 Iulian⁴
366 2780 418 2806 Tol.
430 2788 539 2812 yramm.
551 2779 637 2812 suppl.
648 2787 676 2812 p.
693 2778 815 2804 CCXVI
829 2782 845 2804 8
865 2777 1008 2809 exemplam
1028 2775 1169 2801 masculini
1188 2775 1246 2800 dies
