2106 3061
402 204 458 235 ¹92
1119 196 1162 222 {ili
1169 195 1316 222 Acox'l'll

790 289 822 316 et
846 286 975 316 sinuant
999 284 1093 315 orbes
1117 293 1174 325 per
1196 281 1315 324 pallida
1341 281 1423 312 colla
1447 279 1634 322 dracones):

790 337 815 368 si
839 337 986 368 manibus
1011 336 1130 367 laniata
1155 334 1236 365 meis
1261 333 1345 364 mala
1370 333 1499 364 victima
1523 335 1650 364 vestros

790 388 830 420 ud
854 398 965 420 munes
989 387 1137 430 pervenit
1161 386 1267 422 homo,
1292 385 1318 416 si
1342 385 1465 416 viscera
1490 384 1600 415 matris

703 450 754 476 445
792 450 846 471 vos
871 443 1002 482 propter
1025 437 1174 469 scindens
1199 436 1347 467 homines
1370 436 1402 466 in
1426 438 1536 466 ventre
1559 435 1683 471 necavi,

791 502 873 523 nunc
897 494 1024 522 nostras
1049 489 1156 520 audite
1180 498 1305 531 preces.
1350 490 1502 528 regnator
1526 486 1658 525 Averni,

790 543 929 574 crastina
954 552 1024 572 eum
1049 540 1172 572 Glauce
1198 540 1308 571 veniet
1331 542 1471 581 nuptura
1495 538 1620 576 marito,

791 605 865 625 mox
890 594 1005 625 Furias
1030 592 1164 624 admitte
1189 594 1278 627 tuas;
1302 593 1485 633 properate,
1509 600 1638 621 sorores

790 646 982 677 Tartareae:
1007 644 1130 675 Thebis
1156 644 1270 674 iterum
1297 643 1359 674 iam
1384 644 1459 673 vota
1481 644 1649 683 geruntur,

704 708 755 734 450
791 697 916 736 currite,
941 706 999 738 per
1022 695 1181 726 thalamos
1207 694 1355 725 locastae
1381 693 1481 725 frater
1504 696 1536 724 et
1560 693 1655 725 heres

791 748 956 789 coniungit
980 751 1098 778 natam.
1145 756 1225 788 gens
1251 745 1356 787 (haec)
1384 749 1434 776 est
1458 748 1582 776 vestra:
1607 744 1727 776 dicavit

790 800 947 831 mortibus
972 799 1131 841 impietas,
1156 798 1292 829 affectus
1317 797 1431 828 funera
1454 799 1630 839 praestant.

790 863 845 884 cur
869 854 976 882 mora?
1006 861 1078 882 nam
1104 849 1183 881 nihil
1208 852 1257 881 est
1281 848 1365 891 quod
1390 858 1453 880 non
1478 858 1528 879 me
1553 847 1710 880 exaudiat
1733 858 1895 890 umquam.

791 903 958 945 virginitas
984 903 1008 934 si
1034 904 1124 933 casta
1147 901 1264 943 placet,
1289 901 1431 932 retinere
1455 899 1614 942 pudorem

704 965 754 990 455
790 956 815 986 si
840 955 919 986 libet
943 958 975 986 ct
998 964 1173 996 numquam
1199 953 1350 994 contagia
1373 951 1493 984 blanda
1517 951 1624 983 mariti

791 1007 954 1048 quaeritis,
979 1007 1133 1047 innuptae
1158 1008 1290 1046 nuptam
1315 1003 1487 1036 exhorrete
1512 1013 1649 1035 sorores.

792 1059 818 1089 si
842 1058 957 1089 Furias
982 1057 1108 1088 saevire
1132 1065 1247 1099 precor
1271 1065 1330 1087 nec
1355 1057 1470 1097 sponte
1494 1055 1632 1094 nocetis,

792 1121 854 1142 non
879 1110 956 1141 estis
979 1109 1112 1140 Furiae:
1138 1118 1256 1139 nomen
1280 1110 1402 1139 mutate
1426 1107 1616 1149 domosque,

792 1162 901 1204 ponite
925 1164 1103 1203 serpentes,
1128 1160 1250 1191 alienas
1275 1158 1400 1191 reddite
1425 1159 1571 1190 flammas

705 1222 756 1249 400
793 1216 825 1245 ct
848 1223 981 1255 puerum
1006 1211 1155 1249 Veneris,
1179 1221 1275 1253 quem
1299 1211 1363 1242 iam
1387 1210 1577 1252 tempsistis,
1602 1209 1730 1241 amate.²

792 1265 919 1296 dixerat
941 1268 973 1294 ct
996 1267 1082 1294 terra
1105 1263 1244 1305 spatium
1269 1261 1475 1293 tremibunda
1499 1261 1622 1293 ciebat:

791 1327 853 1357 quo
879 1318 1013 1347 steterat
1036 1314 1153 1346 Medea
1175 1314 1255 1349 loco.
1279 1314 1404 1345 telluris
1429 1313 1535 1345 hiatus

792 1367 932 1399 finditur.
977 1367 1132 1399 attonitas
1155 1366 1289 1398 inclinat
1313 1366 1436 1397 cautior
1458 1375 1552 1397 aures

792 1423 823 1451 et
846 1430 982 1461 surgens
1005 1416 1174 1450 ‘audimur’
1197 1418 1251 1456 ait,
1274 1416 1361 1449 ‘nam
1384 1420 1471 1449 terra
1493 1417 1672 1456 tremescit,

706 1480 756 1506 465
793 1471 929 1503 verbera
953 1470 1162 1513 plaudentum
1186 1472 1339 1502 resonant
1362 1479 1420 1512 per
1443 1469 1539 1501 inane
1564 1478 1721 1508 sororum,

794 1523 889 1554 sibila
911 1523 1051 1564 vipereis
1075 1522 1202 1553 vibrant
1225 1521 1285 1553 sub
1310 1521 1461 1553 dentibus
1486 1530 1621 1563 angues.

794 1586 846 1607 res
870 1575 983 1606 melior
1006 1578 1199 1616 tempusque
1222 1576 1331 1605 monet
1354 1572 1507 1605 redeatur
1531 1572 1572 1604 ad
1595 1572 1721 1604 urbem.

793 1630 867 1658 ante
892 1630 1000 1658 tamen
1024 1626 1121 1657 fluvio
1145 1635 1261 1667 corpus
1286 1627 1452 1667 mergatur
1475 1628 1507 1656 et
1530 1623 1649 1656 undis?

793 1678 877 1720 quod
902 1688 997 1720 maga
1021 1677 1204 1719 digrediens
1226 1687 1303 1708 mox
1327 1676 1451 1719 perficit
1474 1679 1506 1707 et
1529 1676 1611 1719 petit
1634 1675 1758 1708 urbem.

707 1740 758 1766 470
881 1731 972 1762 exilit
994 1730 1120 1761 interea
1143 1732 1287 1761 tecturus
1311 1728 1444 1760 Lucifer
1466 1732 1555 1760 astra

793 1783 931 1825 puniceo
955 1784 1147 1824 praevectus
1172 1791 1254 1822 equo
1280 1781 1460 1823 rutilusque
1483 1781 1671 1823 micansque

794 1844 950 1866 concusso
974 1833 1014 1864 de
1039 1833 1125 1864 crine
1149 1832 1243 1864 iubar
1265 1831 1415 1864 diffundit
1437 1833 1468 1863 in
1492 1831 1604 1863 orbem

794 1886 984 1927 flammigeri
1012 1895 1124 1916 roseas
1148 1883 1349 1926 praecedens
1374 1883 1450 1915 solis
1473 1883 1637 1916 habenas:

795 1941 948 1980 coeperat
971 1937 1045 1968 aula
1068 1936 1157 1968 ducis
1182 1936 1318 1978 strepitu
1342 1945 1495 1967 resonare
1519 1935 1684 1967 clientum.

707 1999 757 2024 415
793 1990 855 2020 iam
879 1988 1032 2020 Phoebus
1057 1987 1235 2019 scandebat
1258 1997 1359 2029 equos
1384 1990 1417 2019 et
1441 1987 1512 2018 luce
1539 1987 1678 2019 rubebat

794 2044 865 2083 post
888 2044 1016 2072 noctem
1040 2043 1176 2071 ventura
1199 2038 1278 2077 dies,
1303 2039 1365 2070 iam
1389 2042 1474 2070 tecta
1498 2038 1646 2070 Creontis

793 2092 924 2133 regibus
949 2091 1132 2133 implentur,
1157 2091 1220 2122 iam
1245 2090 1392 2132 proxima
1415 2090 1504 2131 virgo
1529 2089 1644 2121 marito

796 2144 926 2175 sederat
949 2147 982 2174 ct
1005 2143 1132 2174 tabulas
1156 2142 1279 2173 calamo
1305 2142 1454 2174 sulcabat
1476 2142 1588 2178 Iason;

794 2194 998 2226 ‘conventum
1021 2192 1237 2236 pactumque',
1262 2196 1357 2225 sonat
1379 2192 1518 2235 ‘signate
1541 2192 1701 2225 tabellas'.

507 2308 553 2332 451
574 2317 655 2339 genus
673 2313 710 2332 est
730 2313 813 2332 vestra
832 2307 861 2331 X
877 2308 949 2331 nulla
970 2308 1072 2337 lacuna,
1092 2315 1158 2331 cot-r.
1173 2306 1297 2331 Bn'iclrelcr
1373 2306 1468 2331 dicabit
1486 2306 1518 2337 X,
1543 2315 1609 2331 corr.
1629 2306 1748 2332 Biilircns
1844 2306 1894 2332 453
1917 2311 1956 2332 est
1979 2308 2046 2340 quod

405 2368 442 2383 me
463 2368 511 2383 :mn
534 2359 558 2382 λ’
574 2359 641 2383 (ilrm
668 2359 757 2382 mnissu
780 2359 846 2390 quod
872 2358 908 2388 n),
933 2367 999 2382 corr.
1016 2357 1094 2381 Dalm
1188 2355 1238 2383 457
1259 2343 1360 2389 nocelyis
1380 2367 1395 2382 τι
1484 2356 1536 2383 460
1557 2358 1694 2390 tempsistis
1713 2349 1797 2383 §litate
1815 2358 1868 2389 Nn,
1886 2367 1953 2384 corr.
1967 2358 2047 2383 Duhn

439 2401 484 2426 4031
507 2400 627 2434 spatium]
641 2402 773 2433 strepitum
791 2401 912 2425 ΙίῐίςΙιεῖςν
982 2399 1032 2424 463
1050 2408 1125 2425 aures
1144 2402 1167 2430 (e
1181 2409 1211 2425 ca:
1225 2400 1249 2430 n)
1269 2410 1285 2426 ιι
1356 2399 1406 2426 464
1419 2401 1520 2426 adimur
1535 2400 1562 2431 (u
1577 2400 1758 2432 superaddita)
1773 2410 1791 2425 τι
1860 2400 1910 2426 469
1925 2401 2017 2435 magna
2029 2411 2046 2426 n

438 2443 488 2467 *l’c'fi
512 2445 598 2468 ruebat
626 2444 655 2470 X.
682 2453 747 2468 corr.
767 2443 890 2468 Ba'icloeler
981 2442 1030 2467 4?ss
1053 2444 1212 2467 Conuectum
1233 2452 1249 2468 n
1325 2448 1417 2468 sonant
1441 2442 1544 2475 signatl
1567 2443 1676 2469 tabellas
1700 2452 1763 2469 crem:
1787 2444 1890 2476 repetita
1913 2449 1970 2470 ante
1992 2453 2046 2470 ver-

405 2496 458 2509 sum
478 2486 534 2515 Νη,
553 2496 617 2510 wrr.
634 2486 758 2510 Bischclm·

507 2596 557 2621 445
578 2596 631 2621 Ine.
646 2599 668 2628 13,
682 2600 727 2621 ,ποθ’
747 2596 869 2622 homines
889 2596 916 2621 in
936 2597 1030 2621 ventre
1050 2596 1186 2623 necandos
1274 2598 1325 2623 4415
1351 2597 1422 2631 Verq.
1440 2597 1508 2624 Acn.
1528 2601 1551 2630 4,
1571 2600 1621 2623 612
1648 2599 1677 2624 ct
1700 2599 1807 2624 nostras
1833 2596 1927 2624 audite
1953 2605 2046 2631 preces

440 2647 490 2672 443
514 2646 583 2679 Ver-51.
599 2648 663 2672 Aen.
679 2651 698 2679 7,
711 2651 759 2673 32¹?
775 2657 878 2673 soi-orvs
897 2648 1048 2674 Tau-turcae
1130 2649 1180 2674 449
1199 2648 1232 2680 cs.
1250 2648 1332 2674 Orcst.
1347 2653 1393 2675 41¹1
1474 2649 1524 2675 402
1545 2657 1564 2674 ι’.
1579 2648 1634 2674 iml.
1647 2656 1667 2674 s.
1683 2657 1703 2675 v.
1723 2648 1816 2675 hiatus
1898 2649 1948 2675 471
1975 2648 2045 2682 Vero.

409 2699 473 2723 Actu.
489 2702 509 2729 7,
527 2703 569 2724 1¹56
595 2702 755 2731 piamen-tus
779 2709 856 2732 νιμιυ.
896 2699 989 2724 Claud,
1008 2703 1049 2730 51¹5»,
1069 2704 1112 2725 122
1137 2699 1264 2726 Lucifer.
1282 2720 1308 2726 ..
1335 2700 1440 2727 roranti
1467 2701 1630 2734 praevectus
1657 2708 1727 2733 equo
1818 2700 1868 2726 475
1894 2699 1966 2734 Verq.
1979 2700 2045 2726 Aen.

410 2754 444 2777 Ιυ,
459 2753 504 2774 :ml
523 2749 644 2775 revoluta
668 2750 761 2775 ruebat
777 2751 904 2782 (rubr-luit
921 2751 966 2782 1’2)
985 2752 1090 2776 matura
1113 2750 1167 2776 iam
1186 2751 1246 2777 luce
1266 2751 1331 2778 dies.
1361 2752 1466 2777 Lucan.
1482 2757 1505 2785 4,
1521 2755 1570 2778 125
1584 2753 1678 2779 noctes
1693 2753 1809 2778 ventura
1828 2751 1888 2778 luce
1901 2750 2046 2778 rubebant.

410 2800 500 2825 Claud,
515 2810 534 2826 c.
549 2810 580 2827 m.
596 2805 634 2834 ἕλ’,
647 2806 661 2825 .'›
681 2802 749 2828 mule
770 2802 847 2829 rulwt
869 2804 982 2828 ventui-n
1002 2802 1059 2828 dies
1129 2803 1179 2830 479
1199 2803 1258 2830 Ιιιυ.
1272 2807 1295 2836 6,
1310 2807 1361 2829 :300
1380 2805 1491 2839 pactam
1512 2803 1688 2838 iunctamque
1708 2802 1819 2831 tabellis
1836 2802 1973 2837 coniugem
