2106 3061
712 128 759 154 DE
779 128 917 154 EVGENI
937 128 1134 155 CODICIBVS.
1671 130 1692 155 X
1699 130 1742 155 LV

93 219 126 243 33
162 232 194 235 -
215 230 244 234 -
282 216 327 239 Ma
370 230 403 233 —
438 229 470 233 -—
499 230 531 233 -
654 215 687 239 90
722 228 754 232 —
774 227 805 231 —
843 214 887 238 Ma
932 229 963 233 -—
1000 229 1033 232 —-
1061 229 1092 233 —-
1217 218 1249 240 97
1283 229 1314 233 -
1334 229 1366 233 —
1402 230 1434 233 —
1488 229 1521 233 —
1557 216 1585 240 F
1618 215 1643 240 P
1666 216 1742 241 Has-l,

93 262 127 285 34
162 273 194 276 -
213 273 246 276 -
282 258 326 282 fila
371 271 402 276 -
439 272 471 276 —
499 273 531 276 —
656 259 685 281 91
721 270 753 273 —-
773 270 805 273 —
843 257 886 280 sslss
932 271 963 274 —-
1001 271 1033 275 —
1061 271 1092 274 —
1300 258 1395 290 Lips.¹)

97 304 129 327 85
163 315 196 318 -
215 316 247 319 -—
284 301 329 324 Ma.
373 315 404 318 —
441 315 473 318 —
501 315 533 318 —
655 301 687 323 92
722 313 754 316 —
774 313 806 316 —
842 299 887 322 Ma
931 313 963 317 --
999 313 1030 317 —-
1059 313 1091 316 ——
1213 302 1246 326 98
1282 314 1314 318 -
1333 315 1368 319 -
1404 315 1435 318 —
1492 315 1520 319 -
1558 301 1586 326 F
1618 302 1642 326 P

93 348 126 370 86
161 358 194 362 -—
212 344 235 367 L
281 344 325 367 Ma
369 357 400 360 —
438 358 469 360 —
497 358 531 361 —
656 343 686 366 93
721 354 753 358 —
773 355 806 358 -
842 342 886 365 Ma.
930 356 961 359 —
999 356 1030 359 —
1058 355 1090 359 —
1217 345 1248 368 99
1283 356 1315 360 —
1335 358 1367 361 —
1404 358 1435 362 ——
1489 357 1520 361 -—-
1557 344 1586 368 F
1618 345 1642 368 Ρ

95 389 129 412 87
163 401 195 405 —
214 386 237 411 L
282 386 326 410 ΜΒ
370 399 400 403 -
439 400 470 403 -
499 400 531 404 -
652 390 685 413 94
721 401 752 405 -
772 401 805 404 —
842 386 886 409 Ma
931 398 962 402 —-
1000 400 1031 402 —
1059 398 1090 402 -
1207 388 1255 411 100
1286 399 1317 403 —
1336 400 1368 403 —
1405 399 1437 403 —
1491 400 1522 403 --
1559 386 1587 411 F
1619 387 1643 411 P

97 432 133 454 88
168 443 199 447 -
220 429 242 453 Ι,
287 429 331 452 Ma
371 442 404 446 -—
440 442 472 446 —
500 443 531 447 --
653 433 683 455 95
718 444 751 449 -
770 444 803 447 -
840 429 885 453 Ma
928 443 960 446 -—
996 441 1028 445 -—
1058 442 1089 445 —
1205 431 1248 453 101
1285 442 1316 446 —
1336 428 1358 452 L
1403 442 1434 445 —
1488 442 1521 446 -
1556 429 1659 461 F2)P·³)

96 474 128 497 89
162 486 196 489 -
215 471 237 496 L
282 472 327 496 Ma
370 486 402 489 —
439 486 471 489 —
500 486 532 490 -
653 475 683 498 96
718 487 750 490 —
770 485 802 489 —-
840 472 884 496 Ma
928 485 957 488 —
996 470 1023 495 F
1056 470 1080 494 Γ
1181 471 1183 493 Ι

196 542 346 579 quattuor
368 540 439 571 illos
461 541 549 571 testes
571 543 610 572 A
630 543 659 572 et
680 540 709 571 L
731 542 759 571 ct
781 540 859 580 111³)
883 541 911 570 et
933 539 999 570 PF
1015 548 1265 578 unumquemque
1288 539 1340 569 sui
1362 548 1425 569 esse
1446 538 1527 569 iuris
1543 540 1621 570 satis
1630 539 1745 578 probat

95 592 231 622 varietas
253 591 428 622 carminum
451 591 486 621 in
509 592 644 631 sinyulis
667 593 925 623 conservatorum.
962 589 1139 621 addendum
1153 591 1197 620 est
1219 589 1301 620 illud
1323 589 1406 629 quod
1427 599 1465 620 ne
1487 593 1525 621 A
1544 590 1667 629 quidem
1690 591 1745 629 qui

93 643 178 674 solus
198 642 270 673 otim
284 643 401 683 plenus
414 643 513 681 fuisse
528 643 651 674 videtur
667 645 834 674 ceterorum
846 642 914 683 fuit
929 643 1019 680 fons,·
1040 641 1121 672 deest
1144 641 1227 672 enim
1252 642 1285 671 in
1307 644 1345 672 A
1365 651 1392 672 v.
1408 643 1457 678 11,
1480 642 1500 670 4
1523 651 1611 680 quem
1634 641 1745 673 liabent

94 696 123 724 et
144 694 188 724 M
205 696 234 724 et
255 693 325 724 FP.
368 693 498 730 fluxisse
520 695 623 725 autem
646 695 675 725 L
698 695 737 726 ab
760 697 798 726 A
818 693 920 724 adliue
938 693 1031 732 pleno
1053 703 1090 723 ex
1106 692 1222 731 paucis
1245 692 1311 723 illis
1332 692 1524 723 carminibus
1553 702 1631 731 quae
1661 702 1745 723 nunc

95 746 130 776 in
145 747 275 784 utroque
291 746 437 785 {equatur
452 746 551 777 codice
568 747 633 786 (42.
648 746 791 784 45-48)
806 755 860 776 nec
869 745 1004 784 probari
1018 754 1073 775 nec
1087 745 1198 784 neyari
1210 745 1315 783 potest.
1348 753 1441 783 porro
1458 754 1525 775 cum
1536 744 1631 782 plane
1644 744 1745 775 desint

95 797 172 828 vitia
202 797 336 827 duorum
366 798 490 828 testium
518 801 626 830 contra
648 799 785 838 reliquos
813 797 1001 834 eommunia,
1033 796 1114 827 nibil
1141 796 1275 827 conicere
1305 795 1374 826 licet
1399 795 1435 825 de
1457 795 1615 834 superiore
1637 796 1745 836 sinqu-

95 848 196 879 Zorum
219 847 388 888 affinitate.

197 901 231 930 at
253 901 370 931 certum
392 902 436 931 est
456 900 643 941 florileyium
660 901 814 932 recentius
837 900 868 931 Y
884 910 948 931 non
972 899 1073 931 redire
1096 898 1139 930 ad
1155 898 1323 937 proprium
1346 899 1373 928 et
1395 898 1567 937 inyenmim
1582 898 1746 929 memoriae

95 952 243 990 rivulum,
266 951 319 983 sed
340 952 519 984 descendere
541 963 579 984 ea·
606 954 643 990 Φ,
667 963 755 992 quem
774 951 895 994 fontem
918 951 1055 983 codicum
1077 949 1141 981 FP
1165 949 1406 981 nominavimus,
1457 948 1510 979 boc
1537 960 1631 989 quam
1659 950 1746 980 Iucu-

95 1003 263 1035 Zentissime
279 1003 361 1034 docet
383 1013 491 1035 versus
509 1003 613 1045 praef.
631 1004 671 1034 15
694 1004 799 1036 eadem
816 1004 850 1034 in
869 1003 956 1035 GTR
972 1013 1036 1042 qua
1054 1002 1086 1032 in
1105 1001 1133 1032 P
1153 1001 1249 1041 (deest
1264 1000 1309 1041 F)
1324 1000 1427 1040 qlossa
1443 1002 1609 1039 corruptus
1619 1001 1653 1040 4).
1692 1011 1747 1031 nec

96 1057 198 1086 tamen
219 1065 257 1086 ea:
280 1054 313 1086 P
334 1055 464 1094 fluxisse
483 1056 664 1095 putandum
686 1058 730 1087 est
760 1056 793 1093 Y,
817 1056 894 1095 quia
917 1064 1024 1086 versus
1048 1056 1077 1091 1,
1101 1055 1129 1091 3,
1153 1062 1242 1091 quem
1259 1052 1347 1083 babet
1366 1052 1399 1089 T,
1424 1052 1506 1082 deest
1521 1052 1556 1082 in
1572 1052 1610 1084 P.
1648 1062 1746 1091 neque

99 1106 155 1138 CR
184 1117 222 1138 ew
249 1106 282 1137 P
307 1106 456 1146 02·i9ineni
485 1109 653 1138 traxerunt
683 1108 761 1147 quia
789 1107 960 1138 omiserunt
987 1107 1023 1136 ut
1051 1104 1083 1136 P
1108 1113 1187 1135 vers.
1210 1104 1238 1141 1,
1267 1105 1296 1140 3,
1328 1103 1421 1134 immo
1449 1103 1484 1133 in
1514 1103 1545 1134 P
1568 1106 1595 1135 et
1618 1104 1653 1134 in
1676 1104 1706 1134 Z
1713 1104 1747 1143 ⁵),

89 1159 184 1197 patre
207 1157 345 1188 codicum
371 1157 437 1195 GR,
464 1158 544 1190 idem
565 1161 727 1198 peceatum
757 1160 824 1189 erat
854 1158 915 1196 bis,
944 1157 1112 1188 dumtaxat
1138 1158 1173 1186 ut
1202 1155 1336 1186 duorum
1363 1164 1508 1186 versuum
1542 1165 1563 1186 a
1590 1154 1638 1186 Sit
1670 1155 1748 1186 mihi

97 1209 285 1240 ordientium
305 1210 395 1248 prior
419 1210 618 1242 omitteretur.

199 1260 253 1292 hoc
275 1261 374 1302 ‘iyitur
396 1262 455 1292 erit
477 1264 605 1293 stemma
625 1262 850 1301 florileqiorum
872 1262 921 1291 sat
944 1262 1116 1291 contortum
1127 1269 1137 1289 .-

96 2006 132 2037 de
155 2007 290 2046 sinqulis
312 2007 466 2038 codicibus
488 2007 562 2038 haec
584 2007 744 2038 addenda:
768 2007 861 2038 codex
882 2007 1059 2046 Lipsiensis
1082 2017 1151 2038 eum
1174 2006 1314 2037 exhibeat
1337 2005 1478 2037 carmina
1495 2005 1536 2034 97
1558 2005 1586 2034 et
1602 2005 1642 2033 16
1664 2004 1699 2033 in
1723 2002 1754 2033 Y

96 2068 160 2089 non
184 2059 247 2089 iam
270 2059 421 2096 extantia,
444 2058 559 2100 referri
580 2059 664 2090 debet
686 2059 730 2089 ad
750 2058 782 2092 Ξ
800 2059 847 2090 vel
870 2059 974 2098 ipsum
1001 2059 1046 2096 Φ,·
1069 2060 1172 2089 tamcn
1194 2067 1318 2089 carmen
1335 2059 1354 2088 6
1377 2065 1514 2088 seorsum
1537 2054 1746 2094 spectandum,

96 2112 165 2141 arto
191 2111 273 2142 enim
302 2110 426 2142 vinculo
452 2111 594 2141 iunctum
620 2112 664 2141 est
691 2120 760 2141 cum
787 2110 928 2149 Sanqall.
954 2111 1031 2147 899,
1060 2120 1158 2149 neque
1185 2109 1228 2140 ad
1255 2108 1385 2140 eundem
1411 2107 1492 2139 redit
1518 2106 1636 2147 fontem
1665 2105 1747 2136 unde

96 2161 219 2201 reliqua
242 2162 277 2192 in
299 2161 459 2201 Lipsiensi
474 2161 666 2201 Euyeniana
688 2163 922 2192 emanaverunt.
962 2161 1025 2192 iam
1041 2162 1075 2192 in
1092 2161 1298 2192 Bruatetlensi
1314 2159 1511 2191 licentissime
1527 2157 1711 2196 interpolato
1721 2157 1746 2197 ὓ)

95 2215 125 2244 et
146 2213 181 2243 in
204 2213 334 2253 reliquis
356 2223 455 2252 supra
478 2213 669 2244 enumeratis
691 2213 846 2244 codicibus
867 2223 930 2243 non
946 2213 1057 2243 attinet
1071 2212 1219 2253 persequi
1233 2211 1317 2243 unde
1333 2211 1464 2250 quisque
1480 2210 1629 2250 oriqinem
1645 2208 1746 2245 ducat,

96 2274 287 2304 quamquam
309 2264 419 2304 aliqua
443 2264 599 2296 observari
614 2265 793 2304 possum).
832 2274 930 2303 neque
954 2265 988 2295 in
1011 2266 1173 2304 apparatu
1195 2263 1303 2295 rettuli
1326 2263 1362 2294 de
1386 2261 1527 2293 omnibus
1551 2260 1747 2297 leetionibus;

201 2367 226 2400 1)
239 2366 319 2393 Harl.
332 2369 356 2393 et
375 2366 451 2400 Lips.
469 2367 517 2393 hoe
539 2367 569 2392 in
591 2367 708 2392 ccmnine
730 2366 826 2398 affines
852 2375 903 2392 esse
929 2366 1003 2392 docet
1026 2366 1149 2392 mendum
1173 2374 1309 2392 commune
1333 2364 1363 2390 in
1384 2373 1403 2391 ι’.
1417 2368 1454 2396 97,
1468 2368 1502 2390 11.
1604 2363 1629 2395 2)
1648 2362 1677 2387 in
1696 2362 1750 2388 FP

98 2408 194 2435 desunt
211 2418 233 2435 r.
246 2412 357 2436 13—-16,
448 2410 474 2443 3)
488 2410 541 2435 Ma
559 2412 583 2435 et
601 2409 638 2435 M
641 2410 652 2428 b
667 2412 783 2442 possunt
807 2417 840 2435 eae
859 2409 947 2435 eodem
965 2409 1107 2443 exemplari
1123 2409 1238 2442 siuoeisse,
1252 2411 1368 2442 possunt
1386 2414 1418 2433 ea:
1436 2406 1558 2438 (ἤτω-δίῃ
1575 2405 1670 2431 desunt
1683 2405 1745 2431 vitia

97 2452 249 2478 communia
266 2452 297 2478 in
308 2453 425 2479 versibus
442 2453 489 2486 qui
501 2452 642 2485 utrubique
655 2453 777 2486 loquutur
796 2453 888 2484 (earm.
902 2456 939 2479 13.
959 2453 1077 2483 15—18).
1113 2461 1195 2485 neque-
1212 2452 1282 2478 enim
1300 2450 1336 2476 ad
1348 2449 1583 2476 demonstrandum
1602 2448 1746 2481 quidquam

98 2495 165 2521 valet
182 2504 203 2521 r.
219 2499 255 2527 17,
266 2499 302 2521 11.
384 2495 411 2526 4)
420 2499 558 2528 mcwterea
575 2496 644 2522 idem
656 2496 777 2522 mendum
796 2495 891 2523 limine
911 2500 957 2529 1,6
975 2497 1070 2530 legitur
1088 2496 1118 2521 in
1136 2496 1163 2521 P
1177 2498 1201 2521 et
1218 2495 1249 2520 in
1264 2494 1345 2520 GTR.
1376 2493 1447 2526 quod
1464 2496 1487 2525 3,
1498 2496 1513 2519 3
1532 2492 1607 2518 PCR
1625 2491 1746 2517 exhibent

98 2538 198 2570 falsum
220 2538 364 2572 displicet,
391 2538 415 2564 T
429 2541 492 2565 recte
509 2547 567 2565 cum
592 2539 622 2565 F
637 2539 796 2573 conplacet,
824 2539 848 2565 Τ
863 2540 997 2572 facillima
1015 2539 1167 2565 coniectura
1189 2538 1281 2571 poturit
1299 2546 1387 2563 'rerum
1405 2536 1515 2569 assequi.
1607 2536 1633 2567 5)
1655 2534 1678 2560 0
1692 2542 1747 2560 non

99 2588 130 2607 ex
150 2581 177 2607 R
195 2588 246 2607 esse
258 2581 416 2614 descriptum
429 2582 581 2616 comprobat
599 2583 723 2608 sincerus
739 2583 890 2608 carminum
908 2582 974 2608 ordo
992 2583 1023 2608 in
1043 2582 1065 2608 Ο
1080 2585 1204 2614 serratus,
1224 2581 1251 2607 R
1269 2589 1325 2606 non
1343 2588 1375 2606 ea:
1395 2579 1422 2610 Ο,
1440 2581 1510 2605 reeta
1529 2578 1603 2604 lectio
1617 2578 1705 2611 praef.
1718 2582 1747 2603 16

100 2632 211 2650 vereare
230 2624 261 2649 in
273 2624 299 2650 R
311 2627 426 2658 servata,
442 2628 570 2658 corrupta
587 2625 618 2650 in
639 2625 666 2651 C.
748 2625 774 2658 6)
787 2628 874 2651 tamen
892 2626 977 2651 Bruoe.
990 2634 1046 2651 uno
1066 2626 1121 2651 loeo
1133 2625 1178 2650 ubi
1192 2632 1249 2650 non
1262 2623 1360 2649 adsunt
1371 2630 1402 2648 em
1415 2622 1502 2648 ceteris
1520 2621 1575 2647 nisi
1588 2621 1642 2646 FP
1658 2628 1745 2646 verum

99 2666 172 2692 solus
184 2669 286 2692 tuetur:
303 2671 326 2699 5,
336 2671 368 2694 16
381 2667 461 2694 crede
474 2668 568 2701 Brun,
589 2668 683 2695 credet
696 2668 766 2701 FP,-
783 2676 841 2702 erqo
858 2669 900 2694 ille
917 2677 973 2695 non
985 2669 1052 2694 redit
1069 2668 1105 2694 ad
1120 2669 1143 2693 ‹l›
1154 2667 1317 2701 florileyium,
1335 2666 1382 2692 sed
1400 2665 1437 2691 ad
1451 2665 1561 2698 plenius
1577 2667 1599 2690 et
1617 2664 1746 2689 sincerius

98 2710 236 2742 exemplar.
324 2711 350 2743 7)
370 2719 408 2737 ez.
428 2720 467 2744 qr.
486 2712 608 2737 earmina
626 2715 648 2737 6,
668 2715 691 2737 2.
712 2715 727 2737 7
742 2711 773 2736 in
793 2711 819 2738 R
837 2720 893 2737 non
905 2711 1019 2737 eiusdem
1031 2711 1117 2742 sontis
1135 2718 1187 2736 esse
1205 2709 1325 2735 ridentur
1338 2711 1415 2741 atque
1428 2708 1529 2740 reliqna
1547 2707 1626 2733 liuius
1644 2706 1746 2737 codicis,

99 2751 143 2778 sed
161 2753 247 2778 antus
265 2753 361 2780 iuncta
379 2762 439 2781 cum
457 2754 542 2780 eadem
563 2754 683 2780 trinitate
701 2763 768 2787 qnae
786 2755 814 2780 in
836 2755 1023 2788 Rotomayensi
1041 2755 1145 2787 ein-sque
1164 2753 1257 2787 quitur
1275 2752 1387 2778 asseclis.
