2106 3061
796 201 970 229 ROMVLEA
990 203 1021 229 V.
1041 204 1079 229 VI
1696 212 1754 240 149

512 291 544 320 et
567 288 659 319 violis
683 290 793 319 ornate
819 299 936 327 comas,
960 289 1037 320 dent
1060 289 1134 321 alba
1158 301 1290 322 coronas

511 340 577 370 lilia
600 339 700 370 mixta
724 340 819 370 rosis:
845 340 963 372 candor
985 341 1152 382 pallorque
1177 342 1338 384 ruborque

510 390 649 422 crinibus
674 391 793 422 insidat
817 392 871 432 qui
894 395 1005 422 vernat
1028 392 1059 422 in
1085 403 1138 423 ore
1162 394 1288 434 puellis,

444 451 476 478 10
512 442 644 473 fioribus
668 442 840 473 ambrosiis
865 443 1029 484 sponsalia
1053 447 1140 474 serta
1163 444 1312 485 ligentur.

510 494 606 525 saltet
630 494 838 535 Apollineum
862 494 963 525 Musis
987 495 1193 526 cantantibus
1214 506 1340 536 agmen,

509 545 622 576 laurea
646 548 733 576 serta
757 546 857 576 comis
882 546 1025 587 imponat
1050 545 1184 587 pulchra
1208 546 1320 585 Dione7

508 595 661 627 Pallados
686 597 867 627 armisonae
892 597 1011 628 crinem
1036 598 1224 638 praecingat
1247 598 1340 635 oliva,

508 657 597 678 arma
620 647 705 678 ferat
728 647 851 685 Martis,
878 648 992 688 quibus
1016 651 1047 677 et
1072 648 1241 690 proludere
1266 650 1368 680 nostis

441 707 472 732 15
509 702 541 729 et
563 698 697 738 bellum,
722 699 748 729 si
773 702 899 741 tempus
925 703 1009 740 eget,
1034 700 1176 740 perferre
1200 701 1329 731 valetis:

508 750 644 782 interius
668 761 725 782 vos
750 750 844 781 Musa
868 750 980 781 Venus
1004 750 1234 793 Phoebusque,
1260 751 1384 793 Cupido

509 805 541 833 et
567 801 714 833 Bromius
738 802 884 844 possedit
908 802 1054 843 Hymen!
1080 803 1166 833 Mars
1191 803 1287 834 saltat
1310 814 1437 835 amores

508 856 540 884 et
563 853 729 885 Venerem
754 854 882 895 placare
908 855 1007 895 cupit,
1032 854 1082 885 cui
1107 854 1222 885 militat
1246 855 1347 885 omnis

509 905 669 936 marcidus
694 908 727 936 et
750 905 845 936 nudis
870 905 950 936 ludit
973 908 1047 947 post
1071 916 1158 936 arma
1182 906 1326 943 lacertis;

441 964 474 991 20
511 967 549 988 ac
572 956 764 988 furibundus
788 956 888 987 Amor
911 956 1050 988 Veneris
1073 967 1131 998 per
1155 961 1260 988 castra
1284 958 1473 1000 triumphat:

508 1009 540 1039 in
564 1008 718 1050 praedam
743 1019 862 1040 venere
887 1008 939 1039 dei
963 1009 1113 1039 vincente
1137 1008 1254 1041 Dione.

510 1070 598 1101 ergo,
623 1060 746 1099 Venus,
771 1063 814 1100 te,
838 1059 942 1099 docta,
967 1070 1057 1099 VOCO,
1082 1060 1220 1091 facunda
1243 1061 1357 1102 perita,

508 1121 566 1153 per
590 1122 705 1143 sensus
729 1115 761 1143 te
785 1111 884 1144 funde
909 1121 1014 1146 me0s;
1039 1115 1094 1142 tua
1117 1112 1235 1153 gaudia
1259 1112 1398 1143 fervent:

510 1166 624 1205 sponte
648 1163 758 1195 venire
783 1163 888 1201 decet,
913 1174 976 1194 non
1001 1166 1031 1194 te
1056 1163 1150 1195 decet
1172 1164 1218 1195 ire
1243 1167 1400 1205 rogatam.

439 1222 472 1248 25
509 1215 671 1246 sufficiant
694 1215 752 1246 tibi
776 1218 861 1254 vota,
886 1215 997 1246 Venus
1022 1215 1224 1256 (praecordia
1249 1215 1329 1246 dura

508 1267 616 1298 mollis
641 1267 728 1298 adire
754 1267 849 1305 soles,
876 1266 1059 1297 nolentibus
1085 1267 1131 1297 ire
1156 1277 1214 1308 per
1238 1270 1325 1298 artus

508 1322 541 1349 et
563 1322 689 1350 mentes
713 1319 833 1349 intrare
859 1328 973 1349 senum
998 1328 1161 1359 venasque
1185 1318 1295 1349 levare

508 1369 636 1411 ignibus
661 1373 694 1402 et
717 1370 840 1411 gelidas
865 1369 979 1401 calidis
1004 1380 1156 1411 reparare
1181 1369 1319 1408 favillas,

507 1424 542 1451 ut
567 1425 738 1453 veteranus
763 1425 848 1452 amet
873 1421 980 1452 senior
1004 1431 1063 1452 ceu
1088 1431 1191 1462 nuper
1214 1420 1372 1462 adultus):

439 1480 472 1508 30
508 1483 572 1504 non
598 1483 657 1514 ego
681 1473 822 1504 lascivos
846 1476 921 1514 opto
946 1472 1024 1503 mihi
1048 1482 1192 1503 crescere
1218 1482 1342 1511 sensus,

507 1524 564 1555 sed
589 1535 705 1567 precor
729 1527 904 1566 aspergant
928 1527 1071 1555 nostrum
1096 1527 1151 1555 tua
1175 1524 1315 1554 carmina
1338 1527 1461 1565 pectus,

506 1580 542 1607 ut
565 1577 691 1607 valeam
717 1579 848 1607 cantare
873 1579 946 1606 tuos
971 1586 1029 1617 per
1053 1578 1127 1606 vota
1151 1575 1327 1616 triumphos

508 1631 540 1659 et
563 1628 672 1659 mixtis
698 1628 817 1659 saltare
843 1627 959 1666 choris,
984 1630 1115 1658 cantare
1140 1627 1283 1658 choreas.

506 1679 636 1721 publiea
659 1679 830 1721 magnifice
855 1689 914 1721 per
937 1679 1067 1710 moenia
1090 1681 1164 1709 vota
1188 1681 1356 1720 geruntur:

439 1739 471 1765 35
511 1741 589 1773 quas
613 1731 702 1762 dedit
725 1741 790 1762 una
814 1730 938 1769 domus,
963 1730 1076 1761 domus
1101 1730 1221 1771 excipit
1244 1740 1308 1761 una
1332 1740 1468 1769 sorores,

508 1792 643 1824 quorum
667 1782 808 1814 umbone
833 1785 927 1824 tegor
949 1782 1002 1813 vel
1026 1791 1161 1823 quorum
1186 1791 1317 1812 munere
1342 1782 1427 1812 vivo:

505 1838 578 1877 post
600 1835 705 1866 varios
730 1845 834 1873 casus,
860 1837 934 1876 post
957 1837 1004 1865 tot
1029 1833 1215 1865 discrimina
1240 1834 1323 1864 vitae

505 1896 681 1928 porrexere
705 1886 792 1928 piam
816 1885 943 1928 placido
967 1895 1025 1927 pro
1049 1885 1190 1926 tegmine
1215 1884 1362 1916 dextram

506 1941 547 1978 et,
572 1937 655 1979 quod
679 1938 780 1969 maius
806 1941 885 1977 erat,
910 1937 989 1968 laesi
1013 1937 1155 1968 tribuere
1181 1936 1317 1967 salutem

436 1998 471 2025 40
506 1990 731 2031 fortunamque
756 1989 834 2020 mihi
857 1988 1008 2020 reducem
1034 1988 1154 2030 pietate
1177 1990 1348 2018 novarunt.

505 2041 647 2083 quisquis
672 2040 766 2072 adest
790 2041 919 2083 sapiens
945 2040 1157 2071 scholasticus
1182 2042 1278 2080 atque
1302 2039 1425 2081 peritus

505 2093 643 2124 accurrit
666 2092 799 2124 laudare
824 2093 947 2132 volens,
972 2095 1103 2123 cantare
1128 2095 1273 2133 paratus:

505 2148 624 2186 quanto
650 2155 710 2186 ego
734 2144 885 2176 festinem
909 2143 1022 2175 laudes
1047 2146 1079 2174 et
1103 2143 1245 2174 carmina
1268 2143 1352 2173 ferre

504 2207 561 2238 pro
585 2197 708 2228 meritis
732 2196 912 2238 animisque
936 2197 1059 2227 virum?
1085 2205 1164 2237 puer
1188 2195 1271 2226 alme
1297 2193 1432 2236 Cupido,

214 2283 246 2308 13
270 2285 400 2309 amisouae
428 2282 474 2314 (an
499 2284 634 2308 arnisonae
648 2283 671 2315 22)
697 2283 792 2308 crimen
815 2287 837 2307 et
899 2287 957 2307 ame
979 2290 1078 2306 versum
1102 2281 1136 2312 N,
1159 2290 1224 2306 corr,
1239 2281 1318 2305 Dalm
1408 2280 1438 2305 16
1460 2281 1608 2313 Cupidoque
1633 2279 1757 2310 Ii’osshery

145 2325 178 2351 22
202 2327 276 2351 docta
295 2327 359 2351 duco
379 2326 428 2357 (-co
448 2335 478 2351 ex
497 2326 564 2351 -caiZ
587 2325 713 2356 correcta)
733 2326 766 2356 N,
789 2334 854 2350 corr.
873 2325 999 2349 BiIclzelcr
1069 2325 1181 2348 facunda
1204 2332 1248 2356 per
1265 2332 1309 2348 ora
1331 2323 1451 2348 Biilzrens
1537 2323 1570 2348 24
1589 2327 1704 2355 rogatum
1724 2322 1758 2351 N,

111 2378 176 2394 corr.
191 2370 325 2399 Euander,
352 2373 443 2402 rogatu
469 2369 589 2394 Billa-ens
676 2368 708 2394 31
732 2372 778 2394 tua
802 2369 909 2393 numina
928 2367 1047 2392 Biclarens
1134 2366 1167 2392 34
1193 2371 1315 2399 gerantur
1334 2367 1369 2396 N,
1388 2375 1453 2391 corr.
1468 2367 1594 2397 Biiltrevzs,
1615 2367 1647 2398 cs.
1663 2366 1688 2389 X
1707 2367 1758 2389 23&

145 2412 178 2437 39
197 2413 265 2438 laeso
284 2412 405 2437 Baehrens
474 2411 507 2437 42
526 2420 577 2444 sqq.
596 2412 631 2436 sic
648 2412 676 2436 in
694 2412 732 2436 N:

418 2454 452 2481 42
470 2456 589 2481 Accurrit
606 2456 713 2480 laudare
733 2455 822 2480 uolens
841 2467 846 2473 ·
866 2458 890 2479 et
913 2455 1027 2479 carmina
1051 2455 1116 2478 ferre
1135 2466 1140 2472 ·
1160 2457 1266 2478 cantare
1286 2457 1389 2486 paratus

418 2498 451 2523 43
470 2500 519 2524 Pro
539 2499 634 2524 meritis
654 2499 772 2531 animisq3
791 2499 875 2523 uirum
896 2511 901 2516 ·
920 2499 1020 2529 Quanto
1040 2506 1087 2529 ego
1106 2497 1198 2521 festine
1218 2497 1306 2521 laudes
1326 2500 1350 2521 et
1368 2497 1482 2521 earmina
1501 2497 1565 2521 ferre

417 2540 450 2566 44
470 2543 520 2567 Pro
539 2543 635 2567 meritis
653 2543 772 2574 animiscss
792 2542 876 2566 uirum
897 2550 959 2573 puer
978 2541 1042 2565 alme
1061 2541 1160 2572 Cupido

113 2584 140 2609 in
158 2584 191 2609 43
208 2585 286 2610 verba
304 2586 352 2610 Pro
371 2599 403 2602 —
423 2586 508 2610 uirum
526 2586 664 2611 semierasa
751 2585 784 2610 43
803 2587 904 2616 Quanto
924 2584 958 2615 N,
977 2585 1044 2614 Quin
1068 2583 1193 2607 Bsielaeler

215 2661 246 2687 13
270 2661 346 2694 Verq.
360 2662 429 2687 Aen.
442 2665 466 2694 3,
481 2666 533 2688 544
551 2661 675 2688 Palladis
694 2661 848 2688 armisonae
938 2661 968 2686 14
988 2660 1058 2686 ferat
1077 2659 1129 2685 scil.
1149 2659 1231 2684 crinis
1319 2659 1349 2684 13
1371 2658 1467 2683 Claud.
1482 2661 1521 2690 24,
1538 2661 1568 2683 52
1587 2656 1631 2682 cui
1650 2656 1755 2682 militat,

113 2708 199 2734 omnis
220 2708 222 2741 l
243 2708 335 2735 Gallia
354 2711 376 2734 et
394 2718 415 2735 v.
434 2709 489 2735 ind.
504 2709 551 2735 sub
569 2709 661 2735 milito
750 2709 783 2735 24
802 2709 836 2740 cf.
853 2708 882 2733 X
896 2711 929 2733 27
1013 2707 1046 2733 32
1068 2711 1086 2738 1,
1104 2710 1147 2732 749
1170 2714 1230 2731 cum
1248 2708 1310 2731 nota
1399 2705 1432 2731 33
1456 2705 1550 2731 mixtis
1568 2705 1601 2736 cf.
1614 2704 1685 2736 Vcry.
1699 2704 1754 2728 buc.

112 2759 193 2788 1o‚55
279 2756 312 2782 35
336 2756 379 2782 Or.
393 2757 464 2789 epist.
483 2761 507 2789 4,
526 2760 574 2783 143
596 2758 628 2782 ut
656 2755 747 2782 tenuit
773 2755 869 2782 domus
895 2763 949 2780 una
973 2755 1047 2784 duos,
1071 2754 1166 2779 domus
1192 2762 1246 2779 una
1269 2752 1377 2779 tenebit
1403 2753 1450 2785 (cf.
1469 2755 1525 2777 met.
1540 2757 1560 2783 1,
1574 2756 1623 2776 240
1642 2752 1755 2783 13,-1.s'2)

146 2802 178 2828 37
204 2802 274 2835 Ve‘ry.
288 2803 355 2828 Aen.
370 2808 391 2836 1,
405 2806 457 2829 204
482 2812 530 2837 per
548 2804 638 2829 varios
658 2812 744 2834 casus,
769 2811 817 2836 per
836 2804 879 2829 tot.
899 2801 1059 2827 discrimina
1078 2801 1153 2827 vitae
1222 2800 1256 2826 43
1280 2802 1384 2832 quanto
1404 2808 1454 2833 ego
1480 2799 1606 2825 festinem
1628 2799 1755 2830 i.11uanco

112 2849 281 2881 festinantior
299 2858 435 2876 accurram
