2106 3061
829 178 986 204 ORESTES
1661 185 1721 214 225

390 272 441 298 920
477 274 496 295 a
518 264 605 294 licito
630 263 776 295 discerno
801 264 901 295 nefas.
947 267 1092 303 tractate,
1117 266 1258 297 verendi.

478 326 542 346 non
566 314 605 346 de
630 315 685 346 lite
710 325 783 346 mea
807 316 968 347 sententia
993 320 1100 347 vestra
1125 318 1256 348 ferenda
1280 322 1339 358 est,

478 366 536 398 sed
560 366 600 398 de
617 367 692 397 iure
716 367 823 406 deum,
847 367 902 408 qui
926 378 976 399 me
1001 379 1158 409 purgasse
1183 369 1368 410 probantur,

478 418 555 449 dum
579 417 803 449 medicinalem
828 418 972 449 tribuunt
995 430 1053 460 per
1076 419 1173 450 corda
1196 420 1345 457 salutem,

477 479 572 500 nemo
597 469 662 510 poli
687 479 816 501 servare
840 469 946 509 deum,
972 473 1058 511 puto,
1083 471 1179 502 vellet
1202 471 1353 512 iniquum.

392 529 442 556 925
479 521 590 552 iustior
613 521 766 559 invenior,
791 520 865 552 dum
890 524 1024 552 matrem
1050 521 1190 553 vindicat
1213 523 1310 553 ultor:

477 572 504 603 si
527 572 717 603 ulciscenda
740 583 795 603 rea
818 573 979 614 genetrix,
1004 573 1079 614 quid
1102 574 1165 604 iani
1190 577 1282 615 pater
1306 575 1432 605 insons?

479 624 559 665 quis,
583 624 882 665 1·0go‚.sacrilegus,
907 625 978 666 quis
1002 624 1134 656 demens
1159 625 1276 656 audeat
1299 626 1400 656 almos

478 686 630 707 accusare
655 675 744 715 deos,
769 676 884 717 quibus
909 679 958 707 est
980 676 1126 717 perfecta
1149 680 1314 718 potestas?

479 728 601 759 scilicet
624 731 765 767 accuset,
790 730 885 759 vocet
908 728 940 758 in
964 728 1141 759 certamina
1164 728 1264 766 divos,

394 789 445 816 930
481 780 598 812 obiciat
623 781 762 811 facinus:
790 783 975 821 praesumat
998 780 1084 810 bella
1107 780 1283 821 gigantum.

478 832 613 864 forsitan
637 832 770 863 obiciat:
796 831 924 862 fuerant
947 842 1002 862 cur
1026 842 1101 872 ergo
1126 832 1268 862 furores?

479 894 555 915 cura
579 884 699 915 doloris
724 887 803 922 erat,
828 893 986 925 proceres,
1011 893 1070 914 nec
1095 894 1200 925 poena
1223 886 1344 914 reatus:

479 935 587 967 taedia
611 935 785 966 sollicitant
807 935 928 965 animos
948 937 1154 976 mentemque
1178 934 1324 975 fatigant.

482 987 625 1029 Pyrrhus
650 990 720 1018 erat
742 990 862 1028 raptor,
887 986 1007 1017 vindex
1030 989 1103 1027 post
1126 985 1214 1016 bella
1238 986 1384 1028 rapinae:

394 1047 444 1074 935
481 1039 586 1080 arguit
609 1049 692 1069 unus
715 1039 800 1069 iners
826 1049 920 1079 quem
945 1038 1124 1079 conprobat
1148 1037 1224 1068 ordo
1249 1037 1392 1068 deorum.

480 1100 609 1131 quaeso,
634 1090 733 1121 duces
758 1090 877 1131 legum,
902 1090 1061 1120 sententia
1084 1092 1193 1120 vestra
1217 1089 1357 1120 resolvat

480 1145 650 1183 purgatum
676 1141 734 1172 sub
758 1141 827 1173 iure
851 1141 954 1177 deum,
981 1141 1040 1172 sub
1064 1144 1148 1172 sorte
1173 1140 1335 1181 benigna.³

481 1193 562 1224 dixit
585 1197 616 1224 et
639 1194 780 1235 inposuit
803 1193 972 1224 moderata
996 1193 1124 1224 silentia
1147 1193 1287 1233 linguae.

482 1246 652 1277 consilium
675 1246 805 1287 petitur,
829 1246 914 1276 facta
937 1248 1117 1276 tractantur
1141 1244 1275 1275 Orestis.

393 1306 444 1332 940
480 1308 549 1329 mos
574 1301 644 1328 erat
668 1297 791 1328 arbitrii
816 1296 900 1338 quod
925 1296 1034 1338 dispar
1059 1296 1202 1327 calculus
1226 1296 1301 1327 iret:

480 1350 573 1380 albus
597 1349 690 1380 adest
714 1349 809 1387 vitae,
834 1359 909 1379 nam
932 1351 1069 1379 mortem
1093 1359 1225 1379 russeus
1250 1351 1375 1389 urguet.

480 1400 587 1432 iudicii
612 1403 776 1432 certamen
801 1403 879 1438 erat,
905 1400 1066 1431 sententia
1091 1399 1213 1441 duplex

480 1452 643 1494 discrepat
667 1455 700 1483 et
723 1462 875 1483 numerus
899 1462 957 1493 par
981 1454 1030 1482 est
1053 1451 1180 1492 utrique
1205 1451 1328 1482 eoloris.

480 1504 623 1535 calculus
647 1504 739 1535 albus
764 1507 844 1543 erat,
869 1503 982 1534 habuit
1005 1513 1100 1544 quem
1126 1502 1239 1533 dextra
1263 1502 1443 1533 Minervae:

394 1564 444 1591 945
480 1556 507 1586 is
531 1555 626 1586 datur
649 1555 689 1586 ad
713 1555 797 1586 vitae
821 1565 1001 1593 numerum,
1026 1553 1225 1595 ‘purgandus
1250 1552 1395 1585 Orestes‘

481 1607 596 1638 dicitur
619 1610 652 1638 et
675 1616 844 1648 procerum
869 1606 943 1637 talis
968 1606 1129 1636 sententia
1152 1605 1267 1636 fertur:

479 1657 516 1689 ‘si
540 1658 671 1690 decreta
694 1658 788 1688 deum
813 1657 933 1688 homini
957 1660 1095 1687 tractare
1120 1657 1242 1694 liceret,

481 1713 591 1751 posset
615 1710 740 1741 Orestis
766 1719 846 1751 opus
870 1709 968 1750 legali
993 1708 1119 1739 tramite
1145 1708 1270 1749 quaeri:

482 1761 540 1792 sed
564 1762 638 1803 quia
661 1761 859 1803 praescripto
884 1760 1037 1802 capimur,
1062 1760 1234 1790 clementia
1257 1760 1338 1790 caeli

395 1822 445 1848 950
481 1824 545 1844 non
570 1813 644 1844 sinit
668 1812 781 1852 audiri,
804 1813 882 1843 iuris
907 1822 1043 1842 censura
1067 1812 1222 1853 quiescat.

483 1865 553 1907 quis
578 1868 752 1896 temerator
776 1864 837 1895 erit
861 1864 1017 1895 caelestia
1041 1864 1109 1894 iura
1136 1866 1288 1894 movere?

192 1967 243 1993 920
266 1969 378 1994 disterno
401 1969 426 1993 B
495 1973 622 1994 tractante
641 1970 745 1994 uerendi
766 1969 797 1999 A,
822 1972 926 1993 tractate
946 1968 1056 1993 uenendi
1079 1968 1099 1990 R
1186 1965 1231 1990 921
1255 1967 1359 1990 serenda
1376 1965 1435 1995 (vm.
1450 1965 1499 1995 est)
1520 1964 1542 1987 A
1625 1961 1675 1987 923
1695 1970 1732 1985 sa-

89 2011 155 2036 lutes
175 2011 198 2035 B
290 2011 340 2036 924
369 2021 471 2037 servare
500 2021 570 2037 reum
591 2013 711 2036 Biihrens
801 2011 851 2036 925
878 2016 900 2035 et
923 2010 973 2035 926
996 2020 1047 2034 non
1070 2014 1134 2034 recle
1154 2011 1207 2034 loco
1225 2013 1367 2033 affluerunt:
1387 2012 1445 2039 pust
1463 2007 1514 2031 920
1528 2007 1614 2038 pos-ni!
1634 2005 1731 2036 Miilrlgs‚

86 2058 144 2085 post
161 2052 211 2080 933
230 2054 363 2086 Hossberq,
384 2055 430 2080 alii
447 2055 511 2079 alibi
597 2054 647 2079 926
666 2063 708 2079 rea
727 2059 765 2079 est
786 2054 815 2079 I..
827 2054 923 2079 Msiller
1005 2052 1053 2077 927
1073 2061 1120 2077 om.
1135 2052 1158 2075 A
1237 2051 1286 2076 927
1306 2052 1363 2083 quis
1382 2052 1484 2075 (leniens
1504 2064 1535 2067 —
1555 2049 1604 2073 928
1624 2053 1733 2081 potestas

90 2096 182 2121 habent
206 2096 315 2120 LHDX
399 2098 537 2130 sacrilegos
560 2097 591 2127 B,
622 2097 798 2129 corr.]111'1'lzly
885 2097 942 2128 quis
967 2096 1078 2128 prudeus
1104 2095 1159 2118 LII
1259 2093 1309 2118 928
1334 2103 1380 2118 ovi.
1400 2093 1423 2117 Is
1510 2094 1628 2117 incusare
1652 2092 1737 2115 JJDX

124 2140 234 2171 perfecta
253 2140 336 2170 BAX,
360 2141 482 2172 permissa
506 2140 560 2164 HD
578 2149 608 2165 ea:
627 2140 734 2164 Lucano
755 2143 775 2171 1,
790 2142 837 2164 52⁴5
927 2138 977 2163 929
1003 2142 1109 2163 aneuset
1128 2137 1152 2161 B
1222 2137 1284 2161 duos
1304 2136 1328 2160 B
1424 2135 1475 2159 930
1493 2136 1594 2160 Ouiciat
1613 2135 1643 2164 B,
1667 2135 1733 2165 Quid

91 2183 165 2206 faeiat
183 2182 206 2206 A
302 2182 350 2207 931
378 2185 474 2208 furores
499 2184 530 2213 Β,
556 2187 676 2208 nocentes
696 2183 719 2207 A
817 2182 867 2207 932
890 2191 922 2206 ne
946 2182 976 2211 Β,
1002 2190 1048 2206 nec
1073 2181 1171 2211 Pez'per,
1192 2189 1241 2204 non
1263 2180 1285 2203 A
1384 2178 1433 2203 935
1457 2180 1561 2203 deorum
1581 2178 1613 2207 A,
1633 2179 1677 2202 deo
1696 2178 1734 2201 w'c

91 2226 201 2256 amplius
219 2226 243 2249 B
327 2225 377 2250 936
396 2228 523 2252 sententia
542 2226 573 2257 A,
594 2227 676 2251 sentia
699 2227 719 2250 l)
811 2225 861 2249 939
880 2227 946 2249 sacta
966 2224 996 2254 A,
1018 2226 1069 2248 sata
1088 2223 1112 2247 B
1200 2222 1250 2247 940
1269 2223 1366 2247 arbitrii
1386 2222 1453 2253 qumi
1473 2221 1504 2251 A,
1524 2221 1608 2245 arbitri
1629 2229 1692 2251 quos
1711 2220 1734 2243 B

125 2269 226 2294 arbitris
254 2269 373 2293 Biilzrens
469 2269 520 2294 942
544 2270 656 2302 dupplex
682 2269 718 2299 A,
743 2269 833 2301 suplex
852 2268 877 2292 B
975 2267 1026 2291 943
1052 2275 1174 2291 numerus
1193 2266 1260 2297 paris
1280 2266 1381 2296 utrique
1402 2265 1479 2297 (paris
1498 2268 1535 2288 est
1555 2264 1672 2294 utrinque
1698 2263 1732 2291 A)

93 2311 184 2336 coloris
202 2311 252 2336 BA
324 2321 370 2344 par
388 2317 426 2337 est
446 2312 472 2337 C.
489 2313 518 2337 G.
530 2313 635 2343 Msiller,
655 2313 743 2345 parilis
763 2312 852 2335 Isaase
922 2310 973 2335 945
992 2311 1039 2334 His
1058 2310 1082 2333 B
1152 2309 1240 2333 orestis
1254 2309 1285 2335 B.
1304 2309 1411 2332 horestis
1425 2307 1448 2330 A
1519 2306 1568 2331 946
1587 2307 1670 2330 ucitur
1690 2306 1734 2336 11¹¹,

92 2363 157 2378 corr.
172 2355 198 2379 in
217 2355 318 2380 Dicitur
337 2355 384 2379 B2v
442 2364 561 2388 pocerum
581 2356 605 2380 B
675 2357 755 2380 fertur
774 2355 931 2385 Rothmaler,
950 2362 1024 2385 perra
1043 2353 1074 2379 Ιί,
1094 2360 1155 2377 uera
1174 2352 1198 2375 A
1270 2350 1317 2375 947
1338 2351 1413 2374 deum
1433 2351 1506 2374 deum
1527 2349 1550 2373 B
1620 2348 1734 2373 95⁴1³Noc

91 2397 151 2421 sinit
170 2397 260 2430 Miilzlgs
343 2402 447 2423 tensura
465 2399 489 2423 B
587 2398 634 2423 951
663 2399 713 2429 Qui
735 2402 869 2422 temerator
888 2410 920 2414 -—
945 2395 995 2420 952
1022 2396 1127 2428 impunis
1148 2395 1239 2418 liabent
1258 2394 1342 2417 JIDX
1434 2392 1481 2416 951
1503 2397 1525 2416 ει
1543 2391 1593 2416 952
1607 2396 1666 2423 pust
1684 2390 1734 2414 952

92 2441 189 2472 repetiti
208 2445 265 2465 sunt
284 2441 310 2465 in
329 2442 353 2465 B
371 2441 421 2471 (Ba
434 2441 485 2473 Bb)
555 2441 603 2467 951
625 2442 675 2472 Qui
696 2440 805 2464 AIIDX
872 2440 927 2464 iura
946 2438 1075 2468 Ba.·{JlX,
1094 2439 1164 2462 iussa
1183 2436 1233 2468 lib,
1253 2438 1307 2462 iure
1327 2436 1353 2459 D

195 2526 245 2553 920
263 2526 327 2552 Stat.
346 2526 424 2552 Theb.
439 2530 475 2559 12,
489 2529 537 2552 569
564 2527 711 2559 properate
740 2524 852 2551 verendi
881 2523 1047 2557 Cecropidae
1136 2524 1185 2550 929
1212 2522 1282 2554 Very.
1296 2522 1363 2547 Aen.
1378 2524 1400 2553 6,
1416 2523 1460 2546 172
1490 2521 1574 2546 cantu
1600 2520 1681 2545 vocat
1706 2518 1734 2544 in

94 2577 244 2604 certamina
268 2577 346 2604 divos
442 2578 493 2604 933
518 2577 623 2610 Coripp.
642 2577 696 2603 ΙοῘι,
713 2580 736 2610 2,
751 2580 795 2602 311
820 2576 940 2602 animum
965 2584 1117 2608 corpusque
1143 2574 1264 2608 fatigans
1369 2572 1419 2598 938
1446 2571 1550 2604 Coripp.
1570 2571 1624 2596 [oh.
1644 2575 1667 2602 4,
1686 2572 1736 2595 33⁸

94 2628 206 2655 silentia
229 2629 333 2664 linguis
353 2629 497 2663 inposuere
517 2629 572 2655 suis
677 2629 728 2655 940
756 2630 798 2654 Or.
813 2630 868 2653 met.
883 2632 918 2659 15,
934 2632 963 2653 41
988 2636 1045 2652 mos
1073 2627 1133 2652 erat
1155 2625 1285 2658 antiquus
1309 2624 1396 2650 niveis
1421 2623 1543 2656 atrisque
1570 2621 1674 2655 lapillis
1693 2621 1735 2646 his

95 2680 224 2707 damnare
244 2690 312 2713 reos,
336 2681 392 2707 illis
415 2681 557 2707 absolvere
581 2680 672 2714 culpa.
709 2680 788 2706 Anthi
809 2684 884 2711 192st
903 2679 1076 2705 discolor...
1105 2677 1234 2703 cauculus
1263 2678 1344 2702 astat.
1386 2678 1466 2706 19:5‚3
1492 2674 1650 2700 discordans
1674 2681 1735 2698 calu-

95 2731 170 2758 culus
194 2732 251 2759 exit
348 2733 398 2759 942
419 2731 485 2758 Hm:
506 2740 551 2758 ars
569 2735 615 2758 219
641 2731 779 2765 sortilegis
803 2740 857 2757 non
881 2729 1032 2764 discrepuit
1057 2728 1196 2755 sententia
1218 2727 1334 2761 Delphis
1429 2727 1480 2753 945
1508 2728 1588 2751 (Jresc.
1609 2729 1650 2750 1:71
1675 2733 1735 2757 pur-

94 2783 200 2816 gandus
219 2783 328 2810 Orestes

195 2838 356 2862 SCRIPTORES
373 2837 562 2867 ANT1QU1ssn11
581 2837 640 2861 XIV
658 2836 680 2861 l.
1497 2828 1530 2854 29
