2106 3061
44 336 121 379 (38)

47 918 123 962 (39)

47 1287 124 1331 (40)

50 1656 127 1700 (41)

51 2026 128 2069 (4⁰2)

153 2342 282 2375 [nxxn]

154 2395 301 2428 [LXXIII]
340 2396 372 2419 M
404 2404 507 2420 carmen
520 2404 571 2419 non
581 2395 687 2426 plenum
700 2403 750 2418 esse
764 2397 885 2424 α]]]]ιιιέι;
904 2400 1026 2422 compam
1041 2389 1103 2414 Isia.
1118 2389 1179 2420 vriy.
1196 2390 1230 2417 13,
1246 2391 1273 2412 11

153 2446 294 2479 [Lxxlv]

155 2498 279 2531 [Lxxv]

54 2542 150 2566 correaei

156 2592 294 2625 [cxxvi]

155 2678 290 2711 [Lxxn]

634 184 801 210 CARMINA
820 184 919 210 LXVII
930 200 958 203 ——
967 185 1079 211 LXXVI

290 333 431 369 LXXII.
461 332 823 368 INTERROGATIO
851 333 948 368 PRO
977 333 1115 369 CAELI
1143 333 1428 377 QVALITATE:

437 408 583 449 Suspice,
607 407 634 438 si
659 407 763 438 rutilis
788 407 952 448 refulgent
976 408 1108 439 aethera
1131 409 1278 440 flammis.

545 475 791 507 RESPONSIO
816 476 904 507 PRO
932 476 1226 507 SERENITATE:

433 527 557 559 Lucida
580 528 717 558 lucifluis
742 528 911 568 perlucent
935 527 1042 559 sidera
1065 528 1176 568 signis.

676 596 786 627 ITEM
809 596 896 627 PRO
922 596 1103 628 NVBILO:

434 649 537 691 Ignea
560 648 756 679 nimbivoma
780 649 959 689 conpressit
982 648 1092 679 nubila
1116 649 1210 690 palla.

511 717 621 748 ITEM
647 716 738 748 CVM
764 716 948 747 OAELVM
973 717 1152 747 MIXTVM
1176 717 1270 748 EST:

434 769 514 801 Pars
539 769 620 800 caeli
644 769 743 800 claret
767 769 878 806 stellis,
902 779 976 810 pars
1000 769 1100 810 pallet
1124 768 1163 799 ab
1188 769 1319 800 umbris.

430 918 589 954 LXXIII.
629 918 689 953 DE
717 917 989 960 QVALITATE
1016 917 1288 953 VENTORVM.

436 984 559 1015 Circius
584 984 717 1023 aestivo,
743 983 910 1014 vulturnus
935 983 1051 1024 frigore
1076 986 1201 1024 gratus;

436 1035 558 1067 Circius
583 1035 721 1066 aestivos
747 1035 914 1076 conpescit
938 1034 1067 1065 flamine
1092 1035 1231 1065 morbos.

437 1109 1242 1118 ················

436 1160 1244 1170 ················

607 1286 766 1322 LXXIV.
807 1286 871 1321 AD
899 1285 1121 1322 CALIDAM.

435 1353 535 1384 Vivas
559 1353 727 1384 innumero
752 1353 930 1383 saeclorum
954 1352 1091 1390 tramite,
1117 1354 1232 1390 rector,

481 1405 616 1436 effracta
638 1404 730 1435 vobis
754 1405 881 1435 aemula
905 1404 987 1435 colla
1010 1414 1174 1446 premens:

439 1457 483 1489 sis
506 1467 606 1498 regno
631 1456 709 1487 felix
733 1459 765 1487 et
787 1456 876 1497 pacis
900 1466 1032 1487 munere
1056 1456 1192 1497 pollens,

482 1509 526 1540 sis
543 1508 674 1550 pietatis
699 1518 810 1539 amans
835 1507 1040 1549 iustitiaeque
1065 1510 1173 1538 tenax.

625 1656 767 1692 LXXV.
806 1656 870 1691 AD
898 1655 1098 1691 SABANA.

442 1724 600 1756 Omnibus
625 1724 758 1761 effectis,
782 1734 864 1764 quae
888 1723 993 1764 poscit
1017 1733 1093 1753 cura
1117 1722 1244 1759 lavacri,

484 1775 661 1817 praetende
686 1775 839 1805 membris
864 1774 963 1804 lintea
986 1773 1073 1804 clara
1095 1773 1168 1804 tuis.

441 1830 476 1858 ut
499 1827 580 1858 haec
605 1826 759 1857 candifico
785 1826 967 1867 praenitent
990 1825 1134 1865 tegmina
1158 1824 1256 1862 cultu,

483 1882 626 1910 vestrum
650 1879 695 1909 sic
720 1878 867 1908 meritum
894 1877 1048 1918 promicet
1072 1880 1146 1907 ante
1171 1876 1277 1907 deum.

622 2027 782 2062 LXXVI.
825 2023 1099 2061 CONCLVSIO.

441 2093 655 2135 Omnipotens
680 2103 786 2123 rerum
810 2092 914 2122 factor
937 2100 1113 2131 regumque
1138 2091 1273 2124 creator,

484 2146 595 2186 accipe
620 2144 787 2185 propitiuS,
812 2154 893 2184 quae
919 2143 986 2176 tibi,
1012 2151 1145 2175 summe,
1170 2140 1291 2181 loquor.

441 2197 568 2238 porrige
594 2196 758 2226 victricem
784 2205 839 2236 pro
864 2205 954 2224 sacro
980 2192 1121 2235 principe
1146 2191 1302 2228 dextram,

483 2258 565 2289 quae
591 2250 735 2288 praestet
759 2247 839 2276 votis
864 2255 1020 2286 prospera
1044 2243 1127 2274 dona
1151 2243 1226 2273 suis.

321 2344 351 2367 M
387 2343 399 2368 l
419 2344 547 2375 refulgeat
566 2342 692 2366 Btcclzeler
779 2340 793 2365 4
814 2341 902 2365 isteliis
924 2339 952 2363 M

1615 191 1677 221 263

1346 2387 1355 2411 l
1377 2387 1463 2412 extiuo
1477 2390 1498 2410 e!
1511 2386 1526 2409 2
1545 2386 1645 2410 extimos
1660 2384 1688 2407 M

333 2447 365 2471 M
406 2447 416 2471 l
439 2447 517 2471 Vibas
536 2447 683 2470 innumeros
702 2445 826 2469 seclorum
847 2444 877 2467 M
965 2444 980 2467 2
1000 2442 1071 2466 vobis
1091 2442 1136 2472 (cf.
1153 2443 1189 2469 75,
1206 2443 1220 2464 4
1240 2448 1298 2471 app.
1315 2441 1353 2467 20,
1369 2441 1395 2469 4)
1416 2438 1547 2465 Bia-heber,
1567 2437 1639 2460 nobis
1661 2436 1689 2459 M

316 2499 347 2523 M
383 2498 393 2522 l
415 2499 520 2523 effectus
538 2507 604 2522 corr.
623 2498 650 2522 in
668 2498 699 2521 -is
719 2497 747 2520 M
834 2495 849 2519 3
869 2496 900 2519 Et
920 2495 955 2523 M,
975 2493 1209 2518 eorr.Lm·e›1zmm
1297 2490 1424 2522 prenideat
1444 2498 1491 2512 eorr
1506 2508 1510 2512 .
1526 2488 1551 2511 ίιι

333 2593 362 2617 M
430 2592 446 2617 4
465 2593 531 2618 dona
549 2602 600 2624 eye,
620 2594 687 2617 bona
705 2591 758 2623 (ΑΙ)
776 2591 833 2616 edd,

326 2679 357 2710 Cf.
372 2686 392 2704 e.
406 2682 435 2703 55
448 2680 471 2703 et
484 2677 581 2703 Mami.
598 2681 633 2709 16,
650 2679 665 2702 2
674 2691 702 2695 ο
711 2680 725 2701 4

157 2737 300 2773 [LXXIV]
335 2739 351 2764 4
372 2738 490 2763 Juvenal.
507 2741 530 2769 8,
546 2740 578 2763 25
599 2736 777 2769 iustitiaeque
798 2736 878 2761 tenax

158 2797 299 2831 [Lxxvl]

340 2799 351 2824 1
380 2797 463 2823 Valer.
479 2797 576 2823 Soram
590 2797 640 2829 [ΥΩ.
653 2800 667 2821 4
691 2794 813 2828 Iuppiter
832 2793 1006 2828 omnipotens
1026 2800 1112 2817 rerum
1133 2798 1281 2824 regumque
1303 2790 1425 2822 repertor

1572 2491 1632 2511 -leat
1652 2487 1686 2515 M,
