2106 3061
427 129 461 155 11.
491 129 538 155 DE
557 128 744 155 DRACONTI
764 129 988 156 CARMINIBVS
1008 130 1198 158 CODICIBVS
1218 133 1457 161 EDITIONIBVS.
1634 136 1765 163 XXXVII

220 216 317 246 restat
332 216 366 245 ut
381 214 417 245 de
433 214 608 254 trayoediae
623 215 811 246 editionibus
826 216 956 253 afferam
973 227 1051 255 quae
1067 220 1140 248 suut
1152 220 1336 250 necessaria.
1361 230 1466 251 versus
1479 222 1572 253 1-2.
1598 222 1767 253 752—770

117 277 155 298 ex
174 266 207 298 B
225 266 403 307 protulerat
424 266 457 298 J.
474 266 516 298 B.
533 266 670 298 Sinner
692 267 799 306 (catal.
817 267 879 298 eod.
898 268 950 298 lat.
970 268 1041 299 bibl.
1059 268 1157 300 Bern.
1184 271 1266 299 1760
1284 281 1317 308 p.
1336 271 1399 301 507
1422 273 1510 310 sqq),
1534 283 1640 303 versus
1661 276 1767 304 1—53

116 328 155 349 ex
175 318 208 349 A
230 317 368 349 ediderat
390 317 432 350 A.
455 317 542 348 Mai
564 318 678 357 (spicil.
704 318 793 350 Rom.
811 318 834 349 I
847 329 882 357 p.
898 318 1023 350 XXIV
1033 320 1122 358 sqq),
1136 321 1242 358 prima
1254 321 1350 359 plena
1366 322 1457 352 editio
1473 333 1511 353 ex
1528 324 1672 355 ambobus
1688 325 1768 356 eodi-

117 369 201 400 eibus
224 369 364 400 derivata
387 371 432 400 est
457 369 491 401 G.
508 369 554 401 W.
572 369 676 400 Muel
684 369 772 407 leri,
796 380 858 409 qua
881 381 909 401 a.
927 371 1012 400 1858
1034 372 1235 402 universitati
1258 372 1384 403 lenensi
1407 374 1569 405 sollemnia
1590 376 1768 408 saecularia

117 420 209 451 tertia
243 420 426 452 celebranda
457 421 637 460 ⁸qratulatus
666 421 749 460 est.¹)
800 431 925 460 eumque
953 422 1090 452 Mueller
1121 421 1226 462 officio
1260 433 1314 453 suo
1347 433 1410 454 non
1445 425 1597 463 inqeniose
1636 427 1767 465 quidem,

116 474 150 503 at
172 474 258 503 caute
277 472 412 512 functus
434 474 518 509 esset,
541 482 612 503 mox
634 473 736 503 extitit
758 473 813 511 qui
836 482 960 503 earmen
976 483 1098 503 summa
1113 483 1181 503 eum
1197 474 1321 504 lieentia
1332 476 1547 513 pessumdaret
1570 478 1595 508 I.
1613 477 1768 518 Maelily

118 524 281 564 (anonymi
305 522 428 554 Orestis
451 523 621 564 tragoedia
645 524 898 555 emendatiorem
924 524 1025 555 edidit
1051 524 1076 555 I.
1094 524 1136 555 M.
1154 525 1284 566 Lipsiae
1312 527 1415 565 1866).
1470 528 1565 557 multo
1592 530 1698 560 melior
1725 534 1769 561 est

117 575 254 606 libellus:
278 574 402 606 Orestis
425 575 603 616 tragoedia,
629 586 757 606 carmen
782 576 908 616 epicum
932 576 1060 606 saeculo
1085 579 1158 616 post
1182 576 1342 608 Christum
1365 580 1474 608 natum
1499 582 1590 610 sexto
1607 583 1765 621 composi-

117 629 184 657 tum
209 625 409 657 emendatius
434 626 535 657 edidit
559 626 693 657 Carolus
717 626 886 657 Schenkl
911 627 1052 668 (Pragae
1082 628 1173 667 1867)
1197 629 1308 667 quippe
1331 629 1364 658 in
1395 639 1454 667 quo
1484 632 1511 658 et
1535 631 1624 661 rerba
1647 633 1769 664 cautius

117 679 146 708 et
161 677 344 717 diliyentius
363 677 447 709 edita
471 680 499 709 et
521 678 557 708 de
580 678 733 709 codicibus
756 688 810 709 nee
832 688 895 708 non
918 678 954 708 (le
977 688 1113 709 sermone
1137 681 1203 709 arte
1227 681 1356 718 tempore
1377 682 1483 718 poetae
1503 682 1602 711 mulla
1617 669 1681 712 sint
1696 683 1768 715 bene

117 728 287 768 disputata.
337 739 391 760 nee
421 731 523 760 tamen
548 729 763 766 Sehenlcelius,
795 730 830 760 id
857 729 937 768 quod
965 731 1099 761 maxime
1127 733 1195 761 erat
1227 740 1357 769 neeesse,
1392 733 1475 771 ipsos
1504 732 1603 763 denuo
1634 734 1770 773 inspexit

117 781 248 819 codiees;
269 781 366 812 multo
388 781 498 811 melius
521 781 556 811 ole
579 780 612 811 B
639 781 737 811 codiee
760 780 888 820 Hayeni
915 781 1017 811 studio
1044 784 1072 812 et
1101 781 1201 820 officio
1229 782 1349 813 edoctus
1378 785 1444 814 erat
1474 783 1513 814 R.
1541 783 1674 823 Peiper
1701 795 1768 816 eum

117 833 266 864 emitteret
280 832 409 864 librum:
432 832 599 864 Dracontii
616 832 748 863 Orestes
765 832 935 873 tragoedia
950 834 1112 863 recensuit
1132 832 1170 864 R.
1188 832 1225 864 P.
1250 833 1479 875 (Vratislaviae
1501 836 1604 875 1875).
1641 836 1767 867 interim

115 884 234 924 publici
256 884 338 915 iuris
356 883 448 925 faeta
471 887 538 915 erat
560 884 720 925 appendix
742 884 785 915 ad
807 894 899 923 opera
922 884 1005 915 edita
1027 884 1066 915 ab
1089 885 1210 924 Anyelo
1232 885 1339 916 Maio
1362 886 1495 925 (Romae
1519 887 1626 926 1871),
1652 887 1686 917 in
1709 898 1768 927 quo

119 945 206 977 opere
225 937 366 974 postumo
389 946 423 977 p.
445 938 465 965 1
487 945 553 975 sqq.
581 935 740 976 tragoedia
767 936 810 966 acl
836 936 934 967 solum
961 936 1091 967 codicem
1117 937 1149 967 A
1175 938 1242 967 erat
1270 938 1422 967 recensita
1450 939 1541 976 atque
1570 938 1604 968 id
1626 939 1766 977 pessime.

118 987 249 1026 denique
284 987 397 1019 iterum
430 988 550 1018 conlato
583 987 682 1018 codiee
717 988 748 1018 A
782 988 883 1019 emisit
905 997 1029 1018 carmen
1052 988 1140 1019 Aem.
1157 987 1353 1019 Baehrens
1386 989 1422 1019 in
1452 990 1530 1028 poet.
1558 989 1610 1020 lat.
1638 990 1713 1020 min.
1742 989 1773 1020 V

115 1049 147 1078 p.
162 1038 226 1070 218
242 1048 316 1078 sqq.⁷
340 1039 429 1070 cuius
450 1048 561 1070 nomen
584 1039 646 1070 iam
670 1041 714 1070 est
736 1039 890 1070 sententia
912 1039 948 1069 de
970 1039 1102 1070 editione
1124 1039 1262 1070 dicenda.
1308 1040 1436 1071 lionoris
1464 1050 1560 1071 eausa
1586 1040 1636 1071 his
1662 1041 1767 1072 editio-

117 1091 211 1122 nibus
237 1091 375 1131 adiunyo
403 1091 520 1123 libellos
548 1091 745 1122 iltilissimos:
775 1091 978 1122 Materialien
1009 1102 1047 1122 zu
1071 1092 1175 1122 einem
1205 1091 1411 1123 Commentar
1443 1092 1524 1122 iiber
1558 1092 1609 1122 die
1645 1092 1768 1123 Orestis

119 1142 288 1184 tragoedia
327 1142 384 1174 des
421 1142 615 1174 Dracontius
657 1168 663 1174 .
697 1167 703 1174 .
737 1167 742 1173 .
778 1154 840 1173 von
878 1142 1010 1173 Konrad
1033 1142 1244 1184 Rossberg
1282 1144 1535 1184 (programmata
1564 1142 1767 1174 Hildesheim

122 1196 213 1226 1888.
242 1194 346 1235 1889).

224 1298 250 1331 1)
268 1298 346 1331 quale
364 1298 496 1330 exemplar
514 1306 558 1331 eqo
576 1306 631 1323 non
649 1297 718 1327 ridi,-
741 1297 879 1323 editionem
904 1298 1012 1323 alteram
1039 1298 1136 1330 (proqr.
1155 1297 1249 1331 Gymn.
1270 1297 1506 1323 Rudolstadierzsis
1524 1301 1601 1330 1859)
1625 1297 1673 1322 diu
1691 1305 1767 1330 quae-

119 1340 200 1366 sitam
218 1340 325 1366 tandem
343 1341 457 1366 tramisit
476 1341 638 1374 bybliotheca
656 1341 729 1374 reqia
747 1340 937 1366 Berolinensis.
