2106 3061
826 192 1000 220 ROMVLEA
1014 195 1037 221 V
1689 207 1743 235 141

502 277 659 310 barbarus
683 278 786 310 omnis
811 282 873 318 eat,
898 281 1026 322 rapiant
1051 282 1144 313 simul
1167 293 1255 314 arma
1280 283 1404 316 Suevus

434 337 466 363 35
504 329 652 362 Sarmata
674 330 776 362 Persa
802 331 926 363 Gothus
952 332 1151 365 Alamannus
1176 334 1319 366 Francus
1344 337 1468 368 Alanus

502 382 553 412 vel
578 392 788 424 quaecunque
812 382 914 414 latent
938 387 1053 424 gentes
1077 386 1226 426 aquilone
1251 391 1392 419 remotae

501 433 534 464 in
557 444 614 464 nos
638 434 704 465 tela
727 438 855 475 parent:
881 435 982 466 minor
1006 439 1054 467 est
1078 447 1186 478 pavor.
1229 438 1354 469 advena
1378 450 1490 482 campo

501 485 658 526 producat
681 489 836 516 armatus:
862 487 960 517 muris
985 498 1114 519 servare
1140 489 1286 528 salutem,

502 537 527 566 si
551 547 695 578 nequeas
719 548 875 578 pugnare,
900 539 985 570 licet.
1032 550 1104 570 611111
1129 541 1198 572 cive
1222 551 1280 582 per
1302 542 1413 573 urbem

430 595 465 622 40
500 587 613 618 infelix
637 588 712 630 quid
737 589 814 620 civis
838 592 936 630 agat?
961 590 1046 631 quid,
1072 594 1164 622 nocte
1190 591 1307 633 dieque

500 639 628 670 moenia
650 642 755 671 rostra
777 640 881 671 forum
906 642 1058 683 capitolia
1082 643 1204 684 templa
1227 648 1363 685 penates

498 690 518 728 †
541 691 713 722 inlustrant
737 695 770 723 et
792 692 866 724 fana
888 693 985 724 simul
1008 693 1144 725 delubra
1167 695 1294 727 theatra

499 742 675 774 circumeat
699 754 769 774 cum
795 744 864 775 cive
887 745 983 784 malo,
1007 755 1079 776 cum
1104 746 1172 777 cive
1197 751 1349 779 cruento?

498 794 606 825 nullus
630 795 670 826 ab
695 795 817 826 insidiis
841 796 931 827 locus
957 800 1006 828 est
1029 797 1083 839 qui
1107 798 1219 830 fraude
1244 799 1379 832 vacabit.

429 853 462 880 45
498 845 581 877 adde
606 846 692 888 quod
714 847 815 878 iratus
840 847 941 879 victor
965 859 1036 880 curn
1061 849 1135 890 lege
1160 851 1299 881 minatur

499 901 531 929 et
554 898 638 930 lator
660 899 741 940 legis
767 899 874 930 civilia
898 900 967 931 iura
991 901 1129 942 repellit,

497 953 533 980 ut
555 950 661 992 legem
687 954 812 993 premat
836 952 904 993 ipse
929 963 1030 992 suam,
1055 963 1150 994 quam
1175 958 1329 986 sanxerat
1353 959 1437 987 ante.

497 1002 573 1033 dum
597 1003 697 1033 victor
720 1006 794 1044 post
817 1003 902 1035 bella
926 1003 1018 1043 redit,
1044 1015 1116 1036 cum
1140 1006 1232 1036 testis
1258 1006 1363 1048 imago

496 1054 650 1085 formatur
673 1055 810 1094 virtutis,
834 1055 936 1087 honos
962 1059 994 1087 et
1018 1057 1120 1097 gloria
1145 1058 1267 1099 campi:

427 1114 461 1141 50
495 1106 658 1137 laetantur
681 1106 829 1146 humiles,
854 1107 1018 1148 gaudebat
1041 1108 1133 1140 turba
1156 1120 1284 1140 reorum

495 1161 528 1189 et
551 1159 678 1190 veniam
702 1159 860 1190 meruisse
884 1163 1006 1201 putant.
1054 1161 1124 1202 quis
1150 1161 1229 1192 civis
1254 1162 1379 1203 asylum

497 1209 607 1241 credat
630 1211 663 1241 111
687 1221 760 1242 arce
785 1211 907 1242 micans
932 1212 1115 1244 insontibus
1141 1224 1212 1244 esse
1236 1214 1415 1255 periclum?

144 1322 376 1355 NARRATIO
498 1334 623 1366 pauper
646 1324 740 1356 adest
764 1324 967 1356 miserandus
991 1325 1095 1367 inops,
1120 1326 1176 1357 sed
1201 1326 1279 1358 civis
1304 1327 1468 1367 honestus,

496 1386 624 1417 semper
649 1387 750 1417 egens
774 1376 914 1415 humilis,
939 1377 1054 1418 dignus
1079 1388 1174 1419 quem
1199 1378 1287 1409 dives
1311 1383 1444 1418 amaret,

425 1436 459 1461 55
496 1427 585 1458 cuius
609 1428 641 1458 in
666 1428 821 1470 obsequio
846 1428 993 1459 famulari
1018 1432 1127 1470 posset
1152 1430 1310 1469 alumnus,

495 1481 586 1510 torva
610 1479 823 1521 superborum
849 1480 969 1510 sineret
993 1480 1019 1511 si
1044 1481 1140 1511 turba
1164 1482 1334 1515 clientum:

495 1531 548 1572 qui
573 1530 704 1572 dignum
729 1531 850 1562 servire
875 1535 992 1573 putans
1017 1531 1168 1573 indignus
1192 1533 1332 1564 habetur

494 1582 545 1613 vel
568 1582 733 1613 fastiditur
757 1582 910 1624 supplex;
934 1583 1081 1614 inimicus
1108 1587 1139 1615 et
1162 1584 1263 1615 hostis

493 1633 600 1664 divitis
624 1634 770 1675 arguitur
793 1644 927 1676 pauper,
953 1635 1007 1676 qui
1031 1638 1104 1666 vota
1129 1635 1254 1666 clientis

425 1693 458 1719 60
496 1695 595 1716 ausus
618 1685 740 1717 habere
765 1686 875 1720 miser2
899 1696 958 1717 1166
985 1686 1089 1727 (haec)
1116 1689 1223 1717 tamen
1248 1687 1317 1728 ipse
1335 1691 1487 1728 meretur,

494 1736 551 1767 sed
574 1736 694 1778 probus
720 1737 878 1769 horretur.
924 1737 1073 1769 domibus
1097 1739 1200 1779 magis
1225 1739 1278 1770 ille
1302 1743 1469 1781 potentum

492 1788 574 1819 liber
598 1788 719 1819 amicus
744 1789 815 1829 erit,
840 1789 986 1830 quisquis
1013 1790 1080 1820 vult
1105 1800 1178 1820 esse
1202 1791 1344 1829 satelles,

492 1849 553 1880 quo
577 1843 751 1881 praesente
775 1840 868 1872 nefas
892 1841 1102 1872 committitur
1127 1844 1223 1883 atque
1247 1842 1370 1881 siletur,

491 1894 546 1922 aut
570 1892 676 1922 scelus
700 1891 760 1922 1106
786 1892 813 1922 si
836 1892 919 1923 forte
945 1896 1048 1932 sonet,
1074 1895 1181 1923 tamen
1206 1894 1260 1924 ille
1287 1894 1420 1935 negabit

423 1951 456 1976 65
493 1946 608 1984 sponte
625 1946 743 1984 petens
759 1945 919 1974 tormenta
937 1954 1060 1983 cruces,
1079 1954 1135 1985 per
1152 1944 1305 1984 membra,
1323 1955 1380 1986 per
1396 1948 1483 1975 artus

492 1994 658 2025 carnifices
683 1995 829 2026 flammas
853 1995 983 2036 proprio
1009 1996 1127 2026 satiare
1152 2006 1275 2035 cruore,

490 2046 620 2077 tortoris
644 2046 777 2077 laudare
802 2057 946 2081 manuum
971 2057 1027 2088 pro
1052 2046 1149 2078 divite
1174 2058 1295 2089 poenas

491 2098 517 2129 si
542 2098 671 2140 patitur,
697 2098 723 2128 si
746 2098 853 2129 vincla
876 2108 993 2139 gerens
1019 2099 1182 2140 ergastula
1205 2102 1319 2140 portet,

491 2160 526 2181 se
549 2152 679 2192 reputet
703 2150 863 2180 cruciasse
888 2149 967 2180 alios
991 2153 1026 2181 ut
1051 2151 1184 2182 crimina
1209 2151 1308 2187 celet;

421 2209 454 2236 70
492 2201 550 2243 (ut)
576 2202 652 2232 talis
677 2201 767 2233 dives
791 2202 895 2243 qualis
919 2201 1085 2233 mendicus
1109 2202 1209 2233 amari

198 2306 231 2331 36
249 2310 345 2332 remoto
363 2307 485 2332 Biihrevw
557 2305 590 2330 38
645 2306 772 2330 Producat
791 2306 823 2336 N,
843 2307 952 2330 Prodeat
970 2305 1057 2336 Dalm,
1077 2307 1206 2332 Producat
1224 2311 1321 2332 turmas
1340 2308 1432 2340 Peiper
1501 2310 1535 2335 42
1554 2311 1692 2336 Inlustrant
1707 2311 1739 2341 N,

95 2349 234 2375 inlustrans
253 2349 352 2380 (eadem
371 2350 395 2375 vi
412 2359 463 2382 qua
482 2350 609 2380 lustrans,
629 2348 801 2381 conlustrans)
820 2350 953 2381 Biiclzeler,
979 2351 1004 2374 ni
1028 2351 1139 2375 lustrans
1158 2351 1256 2382 Peiper,
1281 2351 1372 2382 opinor
1395 2353 1514 2378 inlustres
1601 2354 1634 2378 44
1653 2355 1678 2378 ln
1696 2356 1738 2386 qui

97 2397 132 2417 est
150 2393 158 2417 i
177 2391 219 2425 (ex
238 2401 251 2418 e
265 2393 286 2424 52)
308 2398 422 2419 correcta
435 2393 464 2418 N
530 2393 562 2418 47
583 2394 636 2426 ipsa
649 2393 678 2417 N
744 2392 778 2418 50
796 2394 938 2417 Laetantur
957 2394 1029 2418 mites
1044 2393 1075 2425 N,
1095 2394 1208 2421 correzri:
1226 2394 1308 2418 minus
1322 2396 1487 2426 probandum
1506 2397 1582 2427 viles;
1602 2398 1739 2422 Bsfclaeler:

94 2439 191 2460 mentes
268 2435 302 2461 54
321 2445 400 2470 agens
419 2437 545 2469 Bossbery
614 2437 647 2461 55
666 2437 753 2461 'rurba
771 2437 948 2469 superborum.
968 2437 1037 2461 Ciuis
1056 2437 1082 2461 iu
1101 2446 1149 2468 eqs.
1169 2438 1203 2461 sic
1222 2437 1255 2468 N,
1275 2446 1339 2462 corr.
1354 2438 1480 2462 Bt'iclieler
1549 2438 1581 2464 56
1600 2441 1687 2464 Turba
1706 2440 1738 2470 X,

95 2487 160 2504 corr.
178 2479 256 2504 Dzdzn
344 2479 376 2505 57
396 2481 462 2511 Quid
486 2480 518 2512 N,
538 2489 603 2505 corr.
620 2480 746 2504 Biiclteler
833 2480 866 2504 58
885 2481 1012 2505 fastiditus
1031 2480 1061 2503 N
1078 2480 1136 2510 (sic)
1222 2480 1256 2505 60
1274 2481 1337 2505 haec
1356 2490 1403 2505 0771.
1418 2481 1445 2504 N
1462 2482 1535 2505 milla
1555 2483 1656 2511 lacuna,
1676 2483 1738 2507 add.

95 2521 220 2547 Racheler
291 2523 346 2556 ipsa
359 2522 488 2556 Rossbers)
559 2523 589 2549 61
634 2525 687 2548 Nec
705 2528 788 2548 {amc-11
803 2524 855 2555 ipse
869 2527 979 2547 meretur
993 2524 1035 2547 sed
1049 2524 1143 2555 probus
1157 2531 1204 2554 eqs.
1218 2524 1291 2547 ¹nulla
1305 2524 1388 2547 linet-a
1403 2524 1484 2548 deleta
1498 2525 1527 2548 X
1592 2524 1624 2549 63
1643 2518 1738 2565 nephas

94 2565 129 2589 εἰσ
143 2565 174 2589 Ν
238 2565 272 2590 64
291 2567 395 2598 negauit
408 2567 441 2598 N,
460 2576 524 2592 corr.
540 2567 667 2592 Bi‘zfcheler
737 2566 770 2591 65
783 2567 866 2591 crucis
880 2566 999 2591 Balwens
1070 2575 1113 2598 per
1131 2567 1244 2590 membra
1258 2571 1361 2599 paratus
1376 2567 1486 2591 Schenkl
1555 2568 1587 2592 <545
1607 2570 1738 2593 Caruilii-is

94 2607 191 2633 lamnas
213 2608 334 2634 Balzrem
421 2609 453 2634 68
472 2618 575 2642 gemeus
599 2610 699 2634 Traube
769 2609 860 2642 portet]
880 2611 973 2642 perfert
997 2610 1123 2634 L'r't'cltelcr
1210 2608 1243 2634 69
1262 2618 1296 2633 an
1316 2610 1422 2634 aliorum
1438 2610 1449 2634 {l
1513 2611 1595 2636 celent
1613 2611 1738 2635 Bsiclaclct·

128 2649 161 2675 70
178 2655 207 2676 ut
225 2660 272 2676 om.
287 2652 320 2682 N,
340 2653 412 2677 nullo
431 2654 512 2684 spatio
531 2654 625 2684 relicto,
645 2653 704 2677 add.
720 2653 799 2677 Dalm

195 2753 228 2780 35
247 2754 281 2786 ef.
297 2755 381 2781 Mari.
396 2755 477 2781 Dum.
492 2761 512 2788 1,
530 2759 558 2781 12
575 2764 626 2788 sqq.
648 2756 753 2789 Coripp.
775 2755 828 2780 1011.
847 2759 869 2788 2,
881 2758 930 2781 383
1017 2756 1048 2781 61
1068 2755 1101 2787 cf.
1116 2755 1174 2781 1111.
1189 2758 1211 2787 3,
1227 2759 1260 2780 -19
1273 2763 1324 2787 sqq.
1412 2756 1443 2781 [35
1464 2755 1567 2781 Imm-et.
1581 2758 1603 2788 2,
1618 2758 1668 2781 282
1688 2765 1735 2788 μη·

94 2804 221 2837 membra,
242 2814 291 2839 per
309 2808 385 2832 artus
405 2806 447 2839 (cf.
462 2811 485 2838 4,
498 2808 551 2835 119)
