2106 3061
323 178 359 204 Vl
1038 176 1251 204 PRAEFATIO.

320 267 386 295 tare
415 266 516 294 autem
547 273 622 294 num
645 262 719 294 ordo
741 263 916 294 carminum
949 263 983 294 in
1014 263 1223 303 Neapolitano
1254 265 1396 294 servatus
1425 262 1584 302 qenuinus
1613 262 1654 292 sit
1683 261 1738 294 hoe
1765 263 1808 293 est
1836 261 1968 293 evertere

316 315 563 355 fundamentum
585 314 666 345 artis
688 314 875 354 notitiaeque
886 315 918 354 ¹).

423 367 450 396 et
473 366 583 405 optimc
605 365 772 396 concinunt
794 375 861 396 eum
884 365 934 396 his
955 376 1035 405 quae
1057 366 1170 398 seimus
1192 376 1228 397 ea
1251 376 1329 405 quae
1351 364 1481 397 aliunde
1507 364 1575 396 licet
1597 364 1741 396 conicere.
1795 373 1862 395 eum
1885 363 1968 394 enim

322 415 440 447 Orestis
467 415 625 456 traqoedia
648 416 688 446 sit
711 415 911 456 Draconti2),
934 418 1098 456 quaeritur
1126 416 1274 457 quomodo
1301 415 1383 447 edita
1406 416 1456 448 sit.
1505 425 1602 455 neque
1629 415 1758 446 dubium
1779 424 1842 446 esse
1861 416 1968 454 potest,

320 466 408 497 modo
427 469 541 505 spectes
564 469 689 506 raptum
704 466 843 498 Helenae
858 470 886 498 et
902 466 1046 498 Medeam
1062 468 1205 498 earmina
1227 468 1261 498 in
1284 468 1352 507 ipso
1367 466 1586 498 Romuleorum
1601 476 1725 505 corpore
1740 466 1867 504 tradita,
1890 465 1968 506 quin

322 520 350 549 et
369 517 487 549 Orestis
503 518 660 558 trayoedia
671 527 752 558 pars
775 518 847 549 olim
860 517 962 560 fuerit
977 518 1072 549 huius
1087 518 1281 550 collectionis.
1319 518 1373 549 hoc
1394 527 1433 548 ne
1448 517 1601 548 audacius
1618 518 1757 558 positum
1772 519 1866 557 putes
1885 516 1969 558 facit

317 568 504 609 florileqium
534 568 714 607 Veronense,
740 569 770 599 in
795 579 855 609 quo
877 579 945 600 cum
969 570 1044 600 insit
1067 579 1134 601 cum
1157 569 1246 600 titulo
1267 569 1390 600 Bloxus
1414 570 1444 600 in
1467 568 1628 600 Romulea
1647 567 1862 610 fraqmentum
1885 568 1969 608 (vide

322 620 409 661 infra
425 631 462 660 p.
479 621 543 651 228
561 620 627 661 frq.
646 622 679 661 1)
702 620 784 660 quod
807 621 840 651 in
863 619 1072 659 Neapolitano
1090 620 1218 662 frustra
1241 630 1390 660 quaeras,
1415 630 1475 660 pro
1498 622 1578 651 certo
1599 619 1795 650 concluditur
1816 619 1969 651 Romulea

320 670 395 702 olim
414 670 515 712 fuisse
533 670 678 710 pleniora
701 681 795 711 quam
818 680 874 702 nos
895 671 1051 702 habemus.
1094 671 1222 702 necdum
1245 673 1356 702 metam
1379 671 1548 711 attiqimus.
1593 671 1703 702 etenim
1726 681 1804 710 quae
1831 669 1969 702 CORIO

321 722 507 762 (L'historia
531 722 564 753 di
587 722 727 760 Milano,
750 723 785 753 in
815 721 945 763 Vineqia
969 723 1051 753 1554
1072 733 1104 762 p.
1123 725 1178 762 13)
1206 722 1303 753 edidit
1327 722 1484 762 poematia
1511 722 1563 762 (de
1591 722 1760 759 mensibus,
1787 722 1824 753 de
1851 722 1969 762 origine

322 782 464 804 rosarum
485 784 516 812 p.
532 775 598 805 227
605 775 666 814 sq.)
693 776 720 804 et
742 774 845 805 maius
873 773 954 805 illud
977 773 1059 813 quod
1085 783 1116 805 se
1143 774 1178 804 in
1205 773 1336 813 ‹meiquo
1363 773 1462 804 codiee
1485 773 1598 804 vidisse
1619 775 1751 804 testatur
1775 773 1823 804 ‘in
1845 772 1968 804 laudem

324 824 620 865 Zhrasartiuraedi‘3),
647 825 725 865 quin
746 824 903 856 Draconti
921 824 1060 867 fuerint,
1087 825 1227 856 dubitari
1252 834 1316 855 non
1344 825 1412 864 quit
1438 824 1592 864 quidquid
1619 825 1672 856 ille
1698 824 1736 856 de
1761 822 1970 855 Trasimundo

319 875 425 906 comite
455 875 607 916 Οαρειαηο
632 877 815 917 nuqatur⁴).
866 876 948 916 quod
974 876 1002 907 si
1030 875 1224 908 Dracontius
1250 876 1374 915 scripsit
1403 875 1511 907 laudes
1541 875 1787 914 Thrasamundi,
1819 875 1875 915 qui
1899 876 1970 915 post

325 926 607 958 Gwithamundum
630 926 702 959 inde
723 927 762 958 ab
784 938 816 960 a.
832 929 896 958 496
911 937 1008 967 usque
1028 927 1071 958 ad
1084 938 1114 960 a.
1131 928 1194 958 523
1211 928 1292 958 inter
1314 926 1473 959 Vandalos
1488 927 1638 967 reqnavit,
1662 927 1796 967 lusitque
1812 926 1970 966 poematia

320 987 400 1016 quae
422 980 496 1008 sunt
517 978 554 1009 de
574 978 730 1010 aiensibus
752 981 782 1010 et
803 978 839 1009 de
854 988 998 1010 rosarum
1018 979 1146 1019 oriqine,
1169 988 1272 1010 nonne
1293 978 1366 1009 haee
1388 981 1461 1009 sunt
1480 978 1590 1018 qualia
1607 978 1759 1010 vocitabat
1773 977 1971 1010 ‘Romulea’2

321 1028 431 1059 horum
459 1030 580 1069 corpori
603 1029 718 1061 indidit
746 1029 808 1061 duo
830 1030 1047 1069 epithalamia,
1074 1030 1176 1069 potuit
1208 1030 1303 1070 iqitur
1331 1032 1359 1061 et
1376 1030 1602 1070 paneyyricum
1624 1030 1720 1069 regis,
1747 1031 1783 1060 in
1811 1039 1870 1069 quo
1891 1030 1970 1069 quin

324 1078 539 1112 Claudianum
562 1080 608 1112 vel
630 1080 851 1112 Merobaudem
875 1081 979 1122 suerit
1002 1082 1144 1112 imitatus
1165 1091 1253 1113 nemo
1274 1081 1441 1119 dubitabit,
1469 1083 1497 1112 et
1520 1081 1578 1112 illa
1600 1081 1724 1112 minora
1746 1081 1857 1120 qualia
1879 1081 1971 1113 multi

322 1133 394 1162 ante
421 1141 489 1162 eum
510 1131 618 1173 facere
640 1131 786 1163 Romani.
826 1131 960 1171 ‘potuit'‚
984 1133 1123 1172 inquam,
1147 1142 1210 1164 non
1232 1132 1365 1170 ‘clebuit‘,
1388 1142 1588 1172 quamquam·
1604 1133 1661 1172 qui
1687 1141 1788 1164 secum
1814 1132 1971 1172 reputabit

322 1192 417 1222 quam
440 1182 538 1223 facile
565 1185 651 1214 vetus
673 1182 893 1215 Romuleorum
916 1183 1075 1223 exemplar
1098 1184 1245 1215 Italicum
1273 1184 1402 1215 unicum
1424 1183 1518 1221 illud,
1549 1183 1585 1214 de
1606 1193 1666 1223 quo
1688 1186 1802 1215 certam
1824 1183 1971 1215 habemus

324 1234 478 1272 notitiam,
501 1234 535 1265 in
551 1236 698 1274 quattuor
713 1236 824 1273 partes
832 1235 973 1274 potuerit
987 1234 1087 1266 dividi
1108 1235 1156 1266 ita
1177 1237 1212 1266 ut
1235 1235 1268 1275 1)
1284 1245 1350 1266 una
1372 1236 1447 1266 esset
1469 1234 1523 1266 ille
1545 1234 1638 1266 codex
1652 1234 1828 1272 Bobiensis,
1850 1245 1889 1266 ex
1911 1244 1971 1274 quo

322 1285 495 1325 descriptus
516 1287 560 1317 est
574 1285 804 1325 Neapolitanus
823 1285 1000 1317 carminum
1015 1295 1094 1325 quae
1109 1285 1257 1317 dicuntur
1271 1286 1435 1324 minorum,
1459 1287 1496 1323 2)
1512 1285 1614 1317 altera
1631 1285 1721 1317 XIV
1740 1286 1835 1317 etiam
1849 1285 1970 1318 saeculo

320 1346 388 1367 eum
402 1336 511 1376 prima
527 1337 699 1374 cmxiuneta,
721 1346 761 1367 ea·
782 1346 846 1376 qua
858 1336 1045 1377 slorileqium
1069 1337 1246 1375 Veronense,
1269 1337 1305 1368 in
1327 1347 1387 1377 quo
1409 1347 1473 1369 non
1488 1337 1652 1368 adhibetur
1669 1336 1788 1369 Orestis
1803 1337 1964 1377 traqoedia

316 1387 532 1428 fraqmentum
547 1397 637 1419 suum
653 1388 800 1426 hauserit,
823 1390 859 1430 3)
875 1389 968 1420 tertia
982 1387 1169 1428 archetypon
1187 1387 1304 1419 Orestis
1327 1388 1512 1429 trayoediae,
1535 1399 1616 1428 quae
1631 1391 1741 1428 postea
1763 1398 1882 1429 semper
1903 1387 1971 1420 sola

320 1438 475 1477 descripta
494 1441 523 1470 et
543 1441 686 1478 excerpta
707 1441 760 1477 est,
782 1440 819 1478 4)
833 1441 949 1479 quarta
969 1439 1029 1471 illa
1043 1439 1138 1481 folia,
1161 1449 1240 1479 quae
1260 1438 1372 1472 Corius
1386 1440 1464 1471 vidit
1472 1440 1497 1480 ⁵)
1515 1459 1555 1463 —
1571 1440 1646 1472 haec
1660 1440 1716 1480 qui
1730 1439 1887 1480 reqmtabit
1900 1449 1971 1471 con-

323 1489 404 1521 cedet
427 1490 537 1529 opinor
560 1490 626 1521 veri
647 1491 766 1522 similia
788 1500 851 1522 esse
873 1501 953 1530 quae
975 1490 1194 1522 divinavimus.

423 1541 505 1580 quod
526 1541 555 1572 si
573 1540 639 1582 fuit
660 1541 743 1573 illud
768 1551 915 1582 magnum
941 1552 1052 1582 eorpus
1075 1541 1295 1574 Romuleorum
1321 1542 1358 1573 de
1380 1553 1440 1582 quo
1461 1543 1592 1583 eqimus,
1622 1543 1832 1582 compluribus
1853 1542 1970 1574 editum

320 1595 364 1624 est
387 1593 487 1624 libris.
539 1595 567 1624 et
590 1603 779 1633 quamquam
809 1595 843 1625 in
866 1593 1077 1634 Neapolitano
1103 1594 1228 1625 nullum
1254 1593 1404 1626 eiusmodi
1431 1594 1596 1626 divisionis
1623 1596 1668 1626 est
1697 1594 1870 1635 vestanum,
1897 1594 1970 1633 fieri

315 1644 456 1683 potuisse
472 1644 599 1675 concedo
614 1646 649 1675 ut
663 1645 806 1676 earmina
822 1645 884 1676 Ι-
895 1644 1011 1686 V(600
1025 1644 1090 1683 fere
1101 1646 1222 1680 versus)
1237 1644 1331 1684 quasi
1346 1644 1424 1675 liber
1433 1645 1560 1683 primus
1572 1644 1794 1676 Romuleorum
1805 1644 1970 1676 ederentur

320 1697 393 1726 ante
411 1697 518 1736 poetae
541 1696 758 1735 captivitatem.
811 1696 892 1728 nihil
919 1698 1022 1728 tamen
1051 1696 1086 1727 ob
1108 1705 1251 1727 versuum
1273 1705 1436 1728 numerum
1463 1695 1563 1727 obstat
1583 1696 1748 1735 quominus
1776 1696 1848 1727 huic
1863 1695 1970 1736 primo

321 1746 400 1777 libro
422 1746 515 1777 etiam
538 1747 700 1786 impertias
722 1748 864 1779 earmina
894 1747 944 1778 VI
961 1749 988 1779 et
1018 1748 1087 1779 VII
1092 1748 1119 1789 ⁰)
1127 1758 1137 1778 .·
1166 1749 1240 1779 tunc
1261 1747 1376 1779 editum
1392 1747 1524 1787 putabis
1540 1749 1615 1787 post
1636 1748 1854 1787 captivitatem.
1899 1757 1970 1789 erqo

426 1849 451 1881 1)
471 1849 520 1874 tali
539 1849 704 1875 coniecturae
722 1850 801 1876 etiam
818 1850 887 1876 obest
907 1849 935 1874 itl
952 1849 1024 1883 qnod
1041 1850 1071 1875 in
1087 1849 1215 1882 slmueqio
1233 1849 1376 1876 Veronensi
1394 1849 1442 1876 loci
1461 1849 1613 1882 alleqantur
1631 1856 1664 1874 ea:
1682 1856 1762 1875 earm.
1782 1849 1857 1875 VIII
1871 1851 1894 1875 et
1913 1849 1968 1882 IX,

322 1892 385 1918 haec
410 1891 493 1926 iqitur
517 1892 570 1917 iam
593 1895 649 1917 tum
674 1895 751 1918 erant
778 1893 880 1918 iuncta.
985 1894 1012 1923 2)
1031 1900 1112 1926 quam
1132 1892 1230 1924 Anyeli
1250 1892 1311 1918 Mai
1329 1893 1507 1918 coniecturam
1526 1891 1676 1926 (appendiae
1694 1891 1731 1917 ad
1749 1899 1830 1925 opera
1849 1892 1920 1919 edita
1938 1893 1972 1919 ab

321 1935 355 1960 A.
372 1934 411 1960 M.
426 1934 525 1960 Romae
544 1938 603 1960 1871
623 1943 647 1967 p.
663 1940 674 1961 1
694 1938 747 1961 not.
761 1936 786 1968 1)
808 1943 895 1961 veram
917 1932 969 1962 c'sse
991 1938 1032 1961 sat
1049 1943 1180 1969 superque
1196 1935 1375 1968 probat-erunt
1398 1935 1444 1968 qui
1463 1935 1493 1960 in
1516 1934 1613 1961 Orestis
1629 1934 1811 1968 Draeontique
1829 1943 1971 1962 sermonem

323 1980 459 2010 artemque
489 1979 612 2003 accurate
642 1977 810 2010 inquisivere:
844 1978 878 2004 R.
897 1978 977 2011 Peip
985 1986 1031 2010 er,
1060 1978 1208 2004 Dracontii
1241 1978 1340 2004 Orestes
1363 1977 1498 2010 traqoedia
1532 1977 1721 2004 Wratislaviae
1746 1981 1808 2005 1875
1828 1986 1857 2012 p.
1877 1983 1970 2012 44sqq.

323 2019 351 2046 C.
371 2019 545 2052 Rossbery,
572 2019 604 2045 de
628 2020 777 2046 Dracontio
804 2022 827 2046 et
854 2019 953 2047 Orestis
981 2029 1050 2053 quae
1076 2024 1186 2047 vocatur
1210 2021 1361 2055 tragoediae
1389 2023 1498 2047 auctore
1521 2021 1665 2047 eorundem
1684 2023 1827 2054 poetarum
1859 2021 1971 2055 Vevyilii

328 2062 418 2089 Ovidii
429 2062 539 2088 Lucani
554 2062 635 2089 Statii
655 2062 802 2089 Claudiani
814 2063 998 2090 imitatoribus.
1034 2063 1097 2092 diss.
1112 2065 1230 2098 Gottiny.
1245 2064 1355 2090 Nordae
1374 2066 1438 2090 1880
1457 2064 1491 2090 Β.
1511 2063 1685 2096 Westhoss,
1704 2064 1870 2096 quaestiones
1881 2071 1970 2097 yram-

323 2106 432 2132 maticae
442 2105 479 2131 ad
490 2105 635 2131 Dracontii
643 2105 765 2131 carmina
776 2106 880 2132 minora
891 2109 914 2132 et
926 2106 1024 2133 Orestis
1034 2106 1193 2139 traqoediam
1205 2109 1361 2140 spectantes.
1386 2107 1550 2133 Monasterii
1562 2109 1638 2133 1883.
1665 2106 1692 2133 G.
1708 2106 1882 2141 Rossbery,
1896 2107 1970 2134 Neue

325 2147 439 2174 Studien
457 2156 491 2174 zu
510 2148 677 2174 Dracontius
694 2147 752 2174 und
770 2148 818 2175 der
841 2148 940 2175 Orestis
958 2149 1100 2182 traqoedia,
1122 2149 1151 2175 F
1151 2149 1248 2176 lech-eis.
1261 2150 1355 2177 Jahrb.
1370 2153 1414 2176 135
1431 2151 1518 2183 (1887)
1532 2157 1560 2182 p.
1573 2152 1680 2183 833sqq.
1717 2149 1752 2176 B.
1766 2150 1969 2183 Barminski,

328 2191 499 2222 quaestiones
517 2191 553 2216 ad
570 2191 749 2217 Dracontium
767 2194 790 2217 et
811 2191 894 2218 Orest.
907 2195 973 2225 traq.
983 2193 1154 2225 pertinentes.
1189 2193 1307 2225 quaestio
1325 2192 1346 2218 I
1348 2201 1355 2218 .·
1374 2192 1406 2219 de
1422 2200 1516 2226 qenere
1534 2191 1649 2218 dicendi.
1685 2191 1748 2218 diss.
1766 2192 1885 2227 Gottiny.
1899 2196 1969 2220 1887,

325 2232 353 2259 C.
367 2233 543 2267 Rossbery,
566 2234 738 2260 Materialien
755 2242 788 2259 :u
806 2235 889 2260 einem
909 2234 1075 2261 Commentar
1092 2235 1155 2261 iiber
1174 2235 1215 2261 die
1235 2235 1279 2262 Or.
1296 2238 1361 2269 tray.
1400 2234 1562 2261 Hildesheim
1581 2237 1681 2268 1888s9.
1719 2235 1750 2261 B.
1764 2235 1970 2268 Barwinski,

323 2276 488 2308 quaestiones
501 2279 546 2303 etc.
578 2276 696 2309 quaestio
708 2276 747 2302 ΙΙ.
779 2276 810 2303 de
827 2285 917 2303 rerum
936 2277 1109 2312 mythiearum
1127 2279 1290 2304 tractatione.
1306 2286 1396 2313 proqr.
1410 2277 1643 2304 Deutsch-Krone
1660 2281 1737 2304 1888.
1772 2278 1891 2311 quaestio
1909 2278 1968 2305 111.

323 2317 355 2343 ele
378 2318 528 2344 rationibus
543 2318 707 2351 prosodiaeis
724 2322 748 2345 et
766 2320 885 2346 metricis.
912 2328 1001 2353 Jrroqr.
1015 2320 1239 2347 Deutsch-Krone
1258 2324 1332 2347 1890.
1431 2321 1458 2354 3)
1477 2322 1510 2347 A.
1524 2320 1612 2353 Riese,
1632 2321 1725 2348 Rhein.
1740 2321 1815 2347 Mus.
1830 2324 1862 2348 32
1880 2321 1969 2355 (1877)

322 2364 369 2387 319
387 2363 411 2386 et
428 2361 526 2387 rectius
544 2361 578 2387 E.
592 2361 780 2394 Baehrens,
800 2362 896 2388 Rhein.
913 2363 986 2389 Mus.
999 2366 1031 2389 33
1050 2366 1135 2395 (1878)
1153 2366 1208 2390 313.
1246 2363 1318 2390 Poet.
1332 2364 1376 2390 lat.
1389 2364 1453 2390 min.
1474 2363 1499 2389 V
1513 2364 1603 2397 (1883)
1618 2372 1645 2397 p.
1659 2367 1712 2390 127.
1754 2363 1889 2390 Damius
1905 2364 1969 2396 fecit

324 2404 414 2429 reteris
431 2403 526 2429 codicis
539 2404 720 2437 apoqraphon,
737 2404 782 2430 sed
794 2407 818 2430 et
836 2405 884 2431 hoc
902 2408 925 2432 et
944 2405 985 2431 ille
1002 2406 1025 2431 si
1044 2414 1099 2431 non
1108 2406 1255 2439 perierunt,
1273 2405 1362 2432 adhue
1375 2406 1462 2432 latent.
1495 2406 1567 2432 Cor-ii
1584 2407 1660 2433 cerba
1677 2409 1741 2433 sunt
1759 2406 1837 2433 haee:
1857 2406 1968 2433 Transi-

323 2446 424 2471 mondo
443 2446 531 2473 Conte
550 2446 578 2472 di
597 2446 701 2481 Capua,
721 2448 738 2473 ὴ
757 2447 839 2474 laude
859 2447 902 2474 del
920 2448 1003 2482 quale
1022 2448 1171 2475 Dracontio
1191 2450 1275 2482 poeta
1293 2449 1517 2483 elegantemente
1535 2449 1632 2476 scrisse
1650 2452 1679 2476 et
1697 2449 1803 2484 l'opera
1821 2449 1865 2476 del
1884 2449 1969 2483 quale

323 2489 368 2515 noi
389 2489 416 2515 in
437 2490 568 2516 caratteri
587 2490 763 2524 Longobardi
782 2491 910 2518 hauendo
930 2493 1052 2522 trouata,
1072 2500 1123 2526 par
1142 2491 1249 2518 Giouan
1269 2491 1417 2518 cristoforo
1435 2491 1568 2523 Dauerio,
1592 2492 1620 2518 la
1644 2492 1689 2518 cui
1707 2492 1835 2527 famiglia
1853 2491 1902 2527 giis,
1919 2500 1970 2527 per

326 2531 458 2559 Federico
478 2532 566 2566 primo
584 2534 601 2559 ῐι
620 2533 725 2559 Milano
745 2533 773 2559 fu
787 2535 886 2560 ornata
904 2534 978 2561 della
997 2533 1194 2563 cittadinanza.
1220 2535 1234 2560 ἒ
1260 2536 1335 2561 stata
1354 2534 1479 2561 tradotta
1502 2534 1529 2560 in
1555 2535 1654 2562 lettere
1678 2535 1772 2562 latine.
1816 2535 1893 2562 Onde
1919 2543 1970 2569 per

325 2575 435 2609 dignita
455 2575 652 2609 (lell‘elegante
675 2577 767 2610 poeta,
786 2577 811 2602 n'
825 2577 839 2603 t·
859 2585 940 2611 pareo
959 2578 1060 2604 metten·
1078 2577 1169 2610 questi
1188 2577 1247 2604 suoi
1266 2577 1351 2607 uersi;
1369 2580 1496 2603 semintur
1514 2577 1561 2603 illa
1572 2577 1702 2603 earmina.
1806 2578 1834 2610 4)
1844 2577 1969 2611 qram'ssi-

324 2625 395 2643 mum
413 2617 595 2644 documentum
614 2621 649 2644 est
666 2618 738 2651 quod
755 2620 882 2645 carminis
902 2618 1015 2646 Cen-iani
1031 2620 1143 2646 alterius
1161 2620 1195 2646 de
1214 2619 1282 2647 rosis
1300 2629 1322 2646 ι’,
1337 2624 1353 2646 6
1371 2620 1408 2646 ad
1426 2620 1537 2652 verbum,
1555 2622 1585 2646 ut
1602 2620 1664 2646 solet
1681 2620 1856 2652 Dracontius,
1874 2619 1969 2652 repetit

329 2668 430 2686 rersum
447 2661 639 2692 satisfactionis
658 2665 712 2688 162.
732 2670 753 2688 v.
767 2661 804 2687 ad
822 2662 838 2688 l.
948 2663 976 2694 5)
998 2662 1196 2689 Thrasamundi
1217 2666 1307 2689 autem
1333 2662 1429 2689 laudes
1450 2671 1565 2689 seorsum
1591 2671 1645 2689 esse
1667 2662 1750 2689 editas
1771 2663 1817 2689 vix
1835 2661 1969 2695 probabile

324 2701 440 2734 videtur,
470 2711 529 2728 cum
553 2704 583 2728 in
607 2703 692 2729 codice
712 2704 827 2730 Cow'ano
845 2705 965 2731 carmina
989 2707 1043 2731 tam
1061 2705 1205 2731 levidensia
1222 2706 1327 2738 [τιθήνα
1348 2705 1486 2732 adiuncta.
1591 2706 1618 2738 6)
1641 2713 1720 2732 carm.
1745 2705 1788 2731 VI
1806 2713 1969 2738 quamquam

321 2745 455 2777 posterius
474 2748 510 2771 est
528 2748 647 2779 tempore,
662 2747 781 2780 positum
797 2750 833 2773 est
851 2750 914 2773 ante
939 2747 1000 2773 VII
1015 2756 1046 2773 ea
1068 2747 1099 2773 de
1115 2755 1197 2774 causa
1220 2751 1249 2774 ut
1273 2748 1449 2774 honoraretur
1472 2748 1566 2775 domus
1594 2749 1704 2775 Vidoris
1727 2748 1784 2774 eius
1807 2749 1855 2782 qui
1872 2752 1968 2781 poetae

321 2787 467 2813 libertatem
486 2789 673 2821 reconciliavit,-
689 2790 777 2822 potuit
798 2790 879 2822 iqitur
896 2790 956 2816 bene·
972 2790 1088 2823 pandere
1105 2790 1198 2816 librum
1219 2792 1337 2818 atterum.
