2106 3061
795 135 968 162 ROMVLEA
988 137 1025 162 IX
1668 143 1724 171 179

396 228 444 254 185
480 220 574 251 hasta
597 222 712 261 potens
737 224 956 263 quantumque
981 222 1069 254 <ledit
1092 223 1268 254 Vulcanius
1294 225 1390 255 ensis.

480 282 554 303 nam
579 271 664 313 quod
687 275 778 313 terga
801 273 918 312 ferunt⁷
944 274 1004 305 hoc
1027 285 1138 305 currus
1163 275 1238 305 fecit
1262 275 1404 315 Achillis7

480 323 556 354 dum
579 323 677 354 trahit
698 324 830 355 extincti
854 325 977 356 iuvenis
1001 336 1059 367 per
1082 337 1163 357 saxa
1186 326 1321 357 cadaver

480 378 512 405 et
535 374 664 406 domino
688 375 751 406 iam
776 375 894 407 damna
917 380 1034 418 parant
1056 377 1096 408 de
1121 377 1233 409 funere
1257 381 1367 410 tracto.

480 426 626 457 Hectora
648 426 800 457 mirantes
824 427 895 468 plus
919 431 950 458 te
974 428 1151 467 laudamus,
1176 429 1330 468 Achilles,

396 486 444 512 190
480 488 499 508 a
522 488 583 519 quo
608 478 709 508 victus
734 478 816 509 obit:
842 478 938 509 finem
963 479 1012 515 daq
1039 490 1164 521 magne,
1189 480 1290 511 dolori

480 532 512 559 et
536 532 607 570 post
630 529 805 560 vindictam
830 530 956 560 veniam
983 531 1123 562 concede
1147 535 1325 573 perempto,

480 580 534 621 qui
557 590 678 621 poenas
703 581 734 611 in
758 580 829 612 luce
854 580 951 612 dedit.
997 582 1060 612 iam
1084 583 1209 624 respice
1234 583 1331 614 mitis:

480 631 680 673 Astyanacta
704 632 805 670 vides,
831 632 947 674 Pyrrhi
971 633 1124 665 succedat
1147 634 1253 675 imago

480 686 554 715 ante
579 683 687 714 oculos
712 683 829 714 dilecta
852 683 918 722 tibi,
943 684 1128 726 Priamique
1152 689 1300 717 senectus

395 743 443 769 195
479 735 642 766 mentibus
667 735 828 766 adsciscat
851 735 1028 767 venerandi
1051 740 1125 767 vota
1149 738 1302 779 parentis.

480 797 554 817 nam
578 787 705 827 genitor
727 787 846 818 Peleus
870 787 990 818 laetum
1015 791 1086 830 post
1110 789 1194 820 bella
1218 789 1327 820 videre

480 841 511 868 te
536 838 636 879 cupit;
659 841 692 869 et
715 838 823 869 senior
845 838 1058 880 Lycomedes,
1083 840 1227 881 coniugis
1252 845 1375 882 auctor,

481 892 615 931 exoptat
637 889 747 921 reduci
772 889 917 931 gaudens
942 890 1058 922 offerre
1082 895 1244 933 nepotem.

481 941 664 982 planctibus
682 941 928 973 Andromaches
954 953 1012 973 ceu
1029 953 1184 984 praesens
1208 943 1327 975 blanda
1343 948 1473 986 putetur

394 1001 444 1027 200
480 992 653 1023 Deidamia
676 993 779 1031 simul,
804 1003 886 1034 quae
911 994 1025 1025 sollers
1050 998 1143 1025 nocte
1167 995 1283 1036 dieque

480 1047 586 1075 mente
611 1044 713 1075 oculis
737 1047 861 1076 attenta
885 1045 985 1080 volat;
1009 1056 1082 1076 nam
1106 1046 1254 1078 fluctibus
1281 1048 1359 1078 atris

480 1097 613 1127 carbasa
636 1096 737 1138 prima
761 1095 873 1127 videns
898 1107 1008 1128 amens
1033 1098 1172 1128 occurrit
1195 1099 1226 1128 in
1251 1099 1343 1130 undis

480 1147 680 1190 perquirens,
704 1148 730 1179 si
754 1147 852 1179 Troia
876 1149 947 1187 ruit,
973 1149 998 1179 si
1023 1149 1162 1180 concidit
1186 1149 1318 1190 Hector,

481 1200 619 1231 sollicita
643 1210 738 1241 quem
762 1203 870 1232 mente
895 1201 1004 1233 timet:
1029 1204 1060 1232 te
1083 1201 1206 1242 plectra
1230 1206 1395 1235 tenentem

394 1260 444 1287 205
480 1255 576 1292 atque
600 1251 716 1283 iterum
741 1252 873 1283 blandas
897 1252 1027 1284 iuvenili
1050 1253 1168 1294 pollice
1193 1253 1329 1286 chordas

480 1306 667 1345 tangentem
690 1303 823 1335 laudare
848 1304 936 1345 cupit
960 1307 993 1335 et
1016 1304 1148 1336 brachia
1172 1306 1253 1336 collo

479 1358 610 1387 nectere
634 1356 797 1387 mellifluis
822 1355 1000 1397 adiungens
1026 1357 1137 1388 oscula
1161 1357 1270 1388 labris.

479 1407 618 1438 Hecuba
640 1410 763 1439 maesta
786 1418 917 1449 gemens
942 1410 974 1439 et
997 1418 1095 1439 canos
1120 1409 1254 1450 pulvere
1278 1409 1411 1441 foedans
1435 1429 1474 1432 ἡ

482 1459 588 1490 omine
612 1470 676 1490 non
700 1459 757 1490 tali
782 1462 916 1490 matrem
941 1463 1128 1501 praesentet
1152 1460 1191 1491 ab
1216 1460 1311 1492 undis

395 1520 445 1547 210
482 1511 578 1542 corde
603 1514 658 1542 tuo
682 1511 802 1553 pietas:
828 1511 905 1542 licet
929 1511 1010 1543 haee
1033 1512 1181 1543 mortalia
1204 1513 1272 1543 fata

480 1563 512 1594 in
537 1573 571 1594 se
594 1563 682 1594 nulla
705 1563 808 1602 timet,
833 1566 942 1595 tamen
965 1563 1046 1595 haec
1070 1567 1113 1603 te,
1138 1564 1229 1595 fortis
1254 1564 1410 1603 Achilles,

480 1615 649 1646 mortalem
673 1615 827 1656 genuisse
852 1614 948 1646 dolet.
995 1615 1086 1655 haec,
1111 1626 1246 1656 summe⁷
1271 1620 1411 1648 retracta

482 1669 514 1697 et
537 1667 664 1698 veniam
688 1667 804 1707 largire
829 1667 912 1708 pius.
958 1667 983 1697 si
1008 1677 1108 1708 parva
1131 1671 1294 1709 putantur,

482 1718 534 1749 fac
559 1718 709 1760 pretium,
734 1718 848 1757 victor7
873 1729 1066 1760 generosum
1090 1719 1194 1750 vende
1221 1719 1368 1752 cadaver.

395 1779 445 1805 215
481 1770 638 1801 vendatur
662 1780 721 1801 ceu
745 1769 836 1801 vivus
860 1770 965 1801 adhuc
989 1781 1049 1802 nec
1073 1781 1205 1803 munere
1230 1782 1339 1813 parvo,

482 1822 539 1854 sed
564 1822 673 1853 veniat
696 1825 821 1853 tantum
848 1825 1000 1863 quantum
1026 1823 1217 1864 pensabitur
1240 1823 1372 1855 Hector.

482 1875 544 1906 hoc
568 1875 676 1916 placet
699 1877 735 1905 ut
757 1874 848 1905 fortis
871 1874 1031 1906 habeatur
1055 1874 1159 1906 iudice
1183 1875 1270 1906 bello

481 1937 565 1958 mors
590 1927 731 1968 pretiosa
755 1926 826 1957 viri:
854 1929 986 1957 cunctos
1010 1926 1147 1957 hortaris
1172 1927 1203 1957 in
1229 1927 1367 1968 hostem⁷

482 1979 509 2010 si
532 1989 595 2010 non
619 1978 690 2009 vilis
715 1978 775 2010 erit
798 1978 930 2010 veniens
956 1989 1090 2010 occasus
1115 1979 1147 2009 in
1172 1979 1279 2018 armis,

396 2038 446 2065 220
482 2031 536 2072 qui
560 2041 594 2061 se
619 2030 803 2072 despiciens
827 2030 915 2061 cives
939 2029 1054 2061 dilexit
1079 2033 1111 2061 et
1134 2030 1258 2062 urbem.

481 2081 684 2113 Dardanides
708 2081 872 2123 dependat
896 2092 984 2123 opes,
1010 2081 1064 2113 det
1087 2092 1206 2123 magua
1230 2082 1366 2114 talenta:

194 2163 242 2188 186
268 2164 353 2188 serunt
378 2162 466 2193 Dalm,
493 2161 617 2186 dederunt
638 2160 672 2191 N,
700 2164 793 2192 gerunt
815 2160 947 2190 Billzrens,
973 2161 1066 2184 rubent
1092 2160 1218 2192 Rossbery
1322 2162 1428 2186 Achillis
1456 2162 1474 2192 (i
1498 2162 1580 2187 aller«
1605 2171 1635 2187 ea?
1659 2162 1683 2193 e)
1710 2162 1738 2186 X

126 2206 174 2232 188
192 2210 287 2231 tractus
305 2206 430 2238 Rossbery
504 2203 553 2229 193
567 2204 637 2229 vides
650 2212 701 2235 eqo,
721 2204 811 2228 uidens
824 2203 857 2234 N,
876 2204 963 2228 rudem
978 2203 1102 2235 Ilossberq
1175 2203 1222 2228 194
1235 2204 1326 2229 dilecta
1340 2205 1358 2236 (i
1372 2214 1402 2229 ex
1415 2205 1438 2235 e)
1452 2206 1481 2229 X
1548 2205 1597 2230 196
1610 2207 1696 2238 peleus
1710 2205 1739 2229 N

126 2249 174 2276 198
193 2250 269 2275 offere
289 2249 319 2273 N
400 2247 449 2273 199
468 2256 515 2273 ceu
535 2256 637 2280 presens
656 2248 733 2272 bland
752 2245 844 2271 mariti
863 2247 878 2271 Γ
898 2250 1002 2279 putatur
1021 2247 1053 2277 N,
1076 2255 1141 2271 corr.
1156 2247 1280 2272 Bslclzeler
1367 2247 1415 2273 201
1436 2249 1507 2273 uolat
1526 2248 1558 2278 N,
1576 2252 1650 2273 vocat
1675 2248 1734 2278 Leo,

91 2294 134 2325 qui
155 2294 275 2318 maritum
297 2293 323 2316 in
341 2301 362 2317 v.
384 2294 432 2316 199
454 2291 512 2316 huic
535 2291 609 2316 verbo
627 2290 748 2322 primitus
771 2290 926 2322 adscriptmn
951 2291 1030 2322 fnisse
1053 2290 1157 2314 coniecit
1248 2289 1299 2315 202
1323 2299 1410 2316 amens
1435 2292 1568 2321 la'iicltelffl',
1592 2292 1683 2316 animis
1704 2291 1734 2320 N,

91 2337 196 2362 summis
215 2336 306 2368 Peiper
375 2333 426 2360 205
445 2335 552 2360 blandas
571 2334 598 2364 (a
616 2334 699 2358 altera
718 2342 747 2358 ex
766 2333 783 2364 i)
797 2333 825 2357 N
896 2332 945 2357 ‘205
965 2338 989 2358 et
1008 2333 1041 2363 N,
1061 2334 1101 2358 vel
1121 2333 1246 2358 Bsichelcr
1314 2333 1364 2358 207
1383 2335 1507 2367 adiunges
1526 2335 1559 2365 N,
1577 2344 1642 2359 corr.
1657 2334 1734 2358 Dalm

125 2379 175 2404 208
193 2388 269 2405 canos
288 2379 375 2411 pluere
389 2378 421 2409 N,
440 2387 506 2403 corr.
521 2377 601 2402 Dalm
670 2378 760 2408 sedans
779 2376 805 2409 (a
820 2385 849 2401 m·
862 2376 885 2405 e)
900 2376 928 2400 N
995 2375 1045 2401 209
1064 2376 1108 2400 tali
1127 2377 1145 2406 (i
1165 2385 1195 2401 erc
1214 2385 1226 2401 e
1240 2377 1260 2405 ἲ)
1276 2376 1305 2400 Ν
1369 2376 1418 2401 211
1439 2379 1527 2402 timent
1546 2379 1586 2409 (nt
1604 2386 1634 2401 em
1648 2378 1687 2402 ns]
1704 2377 1734 2408 X,

92 2431 156 2448 corr.
171 2423 250 2447 Dulm
335 2421 386 2446 212
405 2422 470 2447 haee
487 2421 621 2451 Biicheler‚
641 2421 689 2445 hoc
708 2420 737 2444 N
822 2419 872 2444 214
891 2421 941 2444 Fac
960 2423 1058 2452 protum
1080 2419 1109 2443 N
1184 2419 1235 2444 216
1254 2420 1349 2444 conieci
1367 2421 1509 2445 Conveniat.
1579 2421 1627 2445 Sed
1647 2424 1736 2444 veneat.

91 2470 162 2491 tauto
188 2469 282 2498 quanto
309 2465 434 2490 Bficheler
453 2465 513 2489 olim
600 2463 651 2488 218
669 2464 735 2488 Meis
756 2463 784 2487 N
866 2462 916 2487 219
936 2472 1040 2487 occasus
1060 2461 1161 2494 (ultima
1180 2471 1191 2487 s
1210 2471 1240 2487 ea:
1259 2463 1294 2494 m)
1314 2463 1342 2486 N
1429 2463 1477 2488 221
1500 2464 1541 2488 det
1561 2464 1586 2493 (d
1606 2472 1635 2488 ex
1654 2463 1735 2487 mess-[0

91 2517 142 2540 qua
160 2509 225 2539 alia)
245 2508 274 2532 N

196 2593 243 2620 187
263 2592 368 2618 Lucan.
383 2596 406 2625 6,
420 2595 468 2619 639
487 2591 609 2619 trahitur
628 2600 676 2626 per
694 2600 760 2618 saxa
779 2591 898 2617 cadaver
918 2590 1011 2622 (Drcoe.
1026 2590 1101 2616 VIII
1115 2592 1172 2623 140)
1262 2590 1309 2617 188
1329 2592 1429 2624 parant
1447 2599 1482 2616 sc.
1495 2598 1561 2616 scura
1634 2590 1682 2616 193
1701 2591 1734 2621 cf.

93 2644 199 2671 Homer.
213 2648 259 2671 986
270 2652 323 2677 sqq.
421 2644 469 2671 198
495 2644 588 2670 Claud.
604 2648 643 2676 28,
660 2648 689 2670 75
712 2652 827 2677 puerum
851 2643 973 2677 gaudens
998 2642 1093 2669 offerre
1119 2642 1208 2668 favori
1299 2643 1346 2669 201
1368 2642 1445 2668 volat
1466 2642 1519 2671 fcrc
1537 2641 1608 2674 qnod
1626 2640 1736 2673 trepldat

128 2697 178 2724 202
196 2696 230 2729 cf.
248 2696 292 2722 Oc.
307 2696 379 2729 epist.
393 2700 415 2728 2,
430 2700 474 2722 121
486 2704 539 2729 sqq,
627 2697 677 2724 205
705 2696 748 2721 On.
766 2698 822 2721 met.
839 2699 860 2726 5,
880 2698 928 2721 339
946 2694 1047 2728 pollice
1069 2694 1183 2720 chordas
1202 2695 1237 2726 (ct
1252 2694 1365 2726 passim)
1453 2693 1502 2720 208
1523 2692 1618 2718 Catull.
1632 2697 1670 2723 021,
1686 2696 1735 2717 *221

95 2750 275 2777 canitiem..-
295 2748 408 2782 pulvere
427 2748 540 2774 foedans
626 2749 676 2774 214
696 2746 789 2773 veniat
808 2749 828 2772 ct
848 2747 898 2773 219
918 2746 1029 2773 veniens
1050 2747 1082 2771 ah
1101 2747 1204 2771 ‘semem
1226 2745 1271 2771 [ω’

1431 2796 1463 2821 03
1470 2796 1479 2809 i:
