2106 3061
413 346 462 372 265

410 604 461 631 270

407 862 457 888 275

405 1121 455 1148 280

404 1381 453 1407 285

402 1640 452 1668 290

401 1899 451 1926 295

399 2158 450 2186 300

192 2573 243 2598 268
261 2574 340 2600 Diues
359 2575 439 2600 Dalm

822 203 996 230 ROMVLEA
1016 205 1039 231 V

499 287 599 318 cinxit
623 291 655 319 et
678 288 719 319 ad
742 289 870 330 plantas
894 294 1073 331 prostratus
1098 292 1221 333 plangit
1244 304 1364 336 egenus

1686 217 1742 246 147

498 338 690 380 belligerum
707 350 766 371 ceu
782 351 901 372 numen
918 342 1064 374 habens..²
1094 343 1167 374 dum
1187 355 1304 385 pronus
1321 347 1486 385 adhaeret,

498 390 606 421 divitis
631 394 742 432 optata
765 394 952 433 praesentia
975 394 1104 425 turbida
1127 397 1240 427 rostris

499 442 641 484 adparet.
687 444 867 475 conclamat
892 445 983 486 inops
1005 443 1205 488 ‘succurrite,
1230 449 1331 480 cives!

497 494 573 525 civis
597 493 689 525 adest
712 495 872 527 violentus
897 499 989 527 atrox
1013 508 1085 529 mea
1109 498 1175 529 fata
1199 501 1374 541 requirens,

497 556 592 586 quem
616 545 695 576 nihil
719 547 847 585 offendi,
872 548 931 578 nisi
956 549 1041 589 quod
1066 560 1135 580 sum
1158 561 1281 592 pauper
1305 553 1470 586 honestus.

497 607 572 627 ecce
596 596 799 639 triumphalis
824 599 1031 630 metuendum
1057 600 1194 632 dextera
1217 603 1336 634 ferrum

495 648 527 678 id
551 648 636 689 quod
659 649 691 679 in
714 649 849 680 hostiles
874 650 1000 691 iugulos
1025 661 1065 682 ex
1089 652 1170 684 urbe
1195 654 1307 693 tulisti,

494 699 527 729 in
550 699 661 730 Patria
683 710 836 732 revocare
860 702 963 732 velis?
988 713 1027 733 ne
1052 704 1176 735 viscera
1200 706 1310 736 matris

494 751 698 793 transadigas
721 753 841 794 gladio,
866 753 990 785 laceres
1016 765 1056 785 ne
1080 756 1225 787 membra
1248 759 1405 798 parentis,

493 813 575 843 quae
599 806 630 834 te
654 803 830 845 palmiferis
857 805 967 836 docuit
991 816 1181 838 concurrere
1206 808 1287 839 telis.

493 865 601 896 parce,
626 866 748 897 precor,
772 856 891 887 ferrata
914 867 1040 888 manus:
1069 859 1175 890 civilia
1199 860 1281 891 colla

492 917 533 938 ne
556 906 665 945 serim,
690 918 772 948 quae
796 919 906 939 mucro
930 912 1004 940 tuus
1029 909 1173 941 defendit
1196 911 1236 942 ab
1261 911 1362 944 hoste.

493 958 534 988 sit
555 958 657 1000 pudor
680 963 776 1000 atque
800 960 891 991 nefas
916 961 1108 1002 extinguere
1133 963 1257 1003 proelia
1281 974 1395 1005 campo

492 1013 524 1040 et
548 1013 666 1042 mortes
689 1012 864 1043 transferre
889 1012 979 1044 foro.³
1024 1014 1168 1045 lamenta
1192 1015 1315 1045 minora

492 1061 653 1093 credimus
677 1062 802 1093 auditu:
827 1063 918 1094 dolor
943 1067 990 1095 est
1014 1068 1162 1106 spectare
1186 1066 1365 1105 cadentem,

492 1114 606 1145 funera
630 1114 698 1145 sive
723 1115 823 1145 oculis
849 1115 955 1146 vivum
980 1116 1097 1147 vidisse
1123 1117 1263 1149 cadaver

492 1176 564 1196 cum
587 1166 687 1207 gemit
709 1170 741 1197 et
764 1167 903 1198 moriens
927 1168 1149 1200 tremibundos
1174 1170 1311 1211 palpitat
1334 1173 1432 1202 artus.

490 1219 631 1260 mugitus
655 1228 732 1260 quos
756 1219 810 1250 ille
834 1219 924 1250 dabit
947 1230 1004 1261 per
1027 1221 1153 1252 moenia
1176 1232 1308 1264 pauper,

491 1280 563 1300 cum
586 1270 684 1311 vulgo
709 1273 875 1311 spectante
900 1271 1004 1311 cadet,
1029 1283 1101 1303 curn
1126 1274 1272 1304 membra
1296 1285 1409 1306 cruore

490 1321 662 1363 perfundat
685 1322 886 1361 moribunda,
911 1324 979 1359 solo
1004 1335 1075 1354 cum
1100 1325 1225 1356 mordet
1249 1326 1417 1357 harenam!

490 1373 648 1415 anguibus
673 1374 864 1416 implicitum
889 1375 1001 1406 eredas
1025 1375 1191 1407 Laoconta
1215 1381 1409 1418 gementem.

491 1425 536 1456 sic
560 1425 655 1457 decet
679 1430 713 1456 ut
736 1426 827 1457 fortis
851 1427 964 1467 lassos,
988 1431 1023 1458 ut
1046 1427 1137 1459 dives
1163 1432 1306 1470 egentes,

490 1477 577 1508 cives
602 1478 679 1508 civis
704 1481 812 1508 ames?
837 1481 892 1509 aut
917 1479 961 1509 sic
986 1479 1169 1511 defenditur
1192 1481 1327 1512 insons?

488 1529 515 1560 si
539 1540 650 1560 vocem
674 1530 846 1561 simulacra
869 1530 992 1569 darent,
1017 1534 1072 1561 tua
1096 1532 1188 1573 signa
1211 1536 1380 1573 rogassent

489 1583 521 1612 et
544 1580 635 1612 dolor
658 1581 721 1612 ista
743 1581 834 1612 daret
857 1581 1012 1613 deflendis
1036 1583 1136 1614 verba
1160 1585 1318 1625 querelis:

486 1632 557 1672 ‘dic,
582 1633 706 1664 iuvenis
731 1633 830 1673 dives,
855 1635 978 1675 patriae
1003 1634 1053 1665 dic
1078 1635 1170 1666 fortis
1195 1639 1333 1667 amator:

489 1685 515 1715 si
538 1695 662 1726 pauper
686 1695 759 1716 reus
784 1688 842 1725 est,
867 1688 922 1717 tua
946 1685 1021 1726 quid
1044 1687 1192 1727 peccavit
1215 1688 1331 1729 imago,

487 1736 615 1767 virtutis
639 1740 848 1768 monumenta
871 1739 967 1768 tuae?
993 1737 1069 1779 quid
1094 1739 1186 1769 testis
1211 1738 1368 1770 honorum

487 1788 639 1818 temnitur
662 1791 695 1819 et
718 1788 842 1830 patriae
865 1788 1040 1820 foedantur
1063 1790 1191 1821 moenia
1216 1790 1377 1822 nostrae?

486 1839 567 1870 haec
591 1839 832 1871 simulacrorum
856 1850 919 1871 vox
943 1843 1004 1876 est,
1028 1840 1221 1882 Patriaeque
1246 1842 1406 1883 gementis

487 1891 563 1922 audi
587 1891 686 1922 verba
709 1894 800 1923 tuae:
824 1889 951 1923 ‘merito
977 1895 1007 1922 te
1032 1892 1118 1923 laeta
1143 1893 1258 1932 creavi,

486 1943 642 1974 infantem
666 1943 788 1984 gremio
812 1943 912 1981 tenui,
938 1943 1033 1974 simul
1055 1944 1157 1975 ubera
1180 1955 1280 1986 parvo

486 1994 572 2026 Vrbs
596 1998 700 2026 mater
723 1994 928 2026 tremibunda
951 1995 1024 2026 dedi
1050 1996 1211 2027 cunabula
1235 1999 1412 2038 praestans,

486 2058 581 2089 quem
605 2049 845 2089 praetextatum
869 2047 981 2078 iaculis
1006 2047 1178 2088 proludere
1202 2048 1297 2079 iussi:

485 2099 633 2140 impubes
656 2099 720 2129 ian]
744 2098 836 2129 fortis
861 2109 942 2139 eras,
966 2099 1103 2130 invictus
1128 2099 1256 2130 adultus

485 2154 517 2182 et
539 2150 664 2182 iuvenis
687 2150 797 2182 victor.
843 2150 899 2181 sed
924 2161 964 2181 ne
989 2150 1155 2181 fraudatus
1179 2151 1286 2182 abires

485 2202 632 2233 fortunae
656 2212 847 2243 quocunque
872 2201 964 2240 bono,
990 2202 1125 2243 largitur
1148 2203 1300 2241 honores,

485 2253 611 2285 divitias
635 2253 770 2292 confert,
793 2253 904 2284 tribuit
927 2263 985 2295 per
1007 2253 1095 2285 bella
1119 2254 1308 2296 triumphos.

485 2308 518 2337 et
540 2316 598 2348 pro
622 2308 670 2336 tot
693 2305 816 2337 meritis
840 2305 939 2336 instas
963 2305 1078 2336 orbare
1102 2309 1270 2347 parentem

483 2358 617 2399 pignore
641 2367 803 2399 percusso,
827 2357 877 2388 cui
901 2357 946 2388 nil
969 2357 1097 2388 fortuna
1121 2357 1277 2388 bonorum

486 2409 620 2440 contulit
643 2409 762 2440 iniusto
787 2419 925 2440 censens
949 2409 1168 2440 moderamine
1193 2410 1315 2440 fatum?

484 2461 510 2492 si
532 2461 613 2492 ratio
637 2464 668 2492 te
692 2461 780 2492 nulla
802 2464 919 2500 movet,
944 2461 971 2492 si
995 2464 1102 2492 mente
1128 2464 1263 2492 eruenta

509 2573 559 2599 272
579 2575 684 2607 patriam
699 2574 790 2605 Haupt
858 2573 909 2599 274
929 2582 1051 2599 concurre
1071 2574 1100 2597 N
1173 2572 1224 2598 280
1242 2574 1296 2598 sine
1316 2574 1347 2605 N,
1367 2583 1431 2598 corr.
1447 2574 1525 2598 Dulmz
1604 2574 1653 2598 254
1674 2576 1731 2599 Per-

92 2616 180 2641 sundet
198 2616 317 2642 Biilzrevzs
399 2617 449 2643 285
468 2619 601 2643 Lauconta
620 2617 740 2642 Billa-ens
818 2616 868 2642 286
888 2610 966 2641 Ιῑιὲεοε
986 2616 1058 2641 for'tis
1078 2616 1106 2640 X
1183 2615 1233 2640 288
1252 2620 1372 2647 rogarent
1385 2616 1463 2640 Dzelm

125 2658 175 2684 305
193 2668 301 2692 pensans
323 2660 450 2686 Bsccheler

537 2660 587 2686 306
611 2664 696 2686 movet
714 2661 847 2691 Bz'lclzeler,
867 2662 936 2685 fouet
955 2660 985 2683 N

193 2762 243 2787 274
264 2761 355 2788 Claud.
368 2765 409 2795 39,
422 2766 439 2789 8
457 2762 550 2789 decuit
569 2762 681 2796 paribus
701 2771 861 2789 concurrere
881 2762 944 2789 telis
1014 2761 1062 2787 281
1082 2762 1113 2793 ef.
1127 2760 1209 2786 index
1227 2761 1274 2786 snb
1288 2760 1396 2794 palpito

125 2812 176 2839 294
195 2812 292 2839 Patria
311 2814 451 2840 inducitur
468 2814 613 2841 secundum
627 2814 676 2841 Cic.
692 2815 746 2841 Cat.
763 2820 783 2848 1,
798 2819 828 2841 17
839 2823 890 2848 sqq.

1551 2615 1601 2640 304
1621 2617 1682 2640 nihil
1707 2616 1735 2639 N

1467 2761 1516 2787 283
1535 2760 1569 2786 ml
1589 2762 1670 2787 orest.
1687 2765 1730 2787 792

961 2814 1010 2841 305
1031 2822 1143 2840 censens
1158 2814 1172 2839 i.
1185 2813 1286 2838 iniusto
1304 2821 1385 2839 censu
1406 2812 1544 2838 modcrcms
1562 2813 1651 2844 salma
1670 2813 1726 2837 crus

1478 2864 1524 2890 19ss
