2106 3061
711 224 886 251 EPISTVLA
906 226 944 252 lV
964 225 1098 260 (Taionis)
1661 234 1721 263 289

88 311 163 353 ipsi,
198 313 233 342 ut
264 321 398 348 censeo,
436 310 582 342 Graecae
620 311 851 353 Romanaeque
875 312 1046 344 facundiae
1071 313 1333 354 philosophorum
1358 316 1536 357 praecipui,
1570 316 1720 347 Socrates

88 362 212 393 scilicet
235 362 287 393 vel
311 362 416 401 Plato,
442 362 557 393 Cicero
583 365 679 403 atque
697 363 811 401 Varro,
837 364 863 393 si
887 364 1005 394 nostris
1030 365 1226 405 temporibus
1251 366 1440 403 adfuissent,
1466 367 1624 407 condigna
1653 368 1721 399 eius

88 414 209 445 meritis
233 414 333 444 verba
355 414 574 455 promsisscnt.
620 413 675 444 sed
700 424 739 444 nc
763 415 966 455 panegyricis
998 415 1043 445 uti
1069 426 1203 446 censear
1232 417 1365 457 eloquiis
1401 418 1536 458 plurima
1564 419 1603 449 de
1636 420 1720 450 eius-

88 465 160 496 dem
197 465 368 496 virtutibus
401 464 511 495 auditu
552 469 717 507 comperta
752 467 977 507 praemittens,
1013 466 1053 497 ad
1086 467 1154 498 eius
1178 469 1348 509 opuscula,
1377 479 1458 509 quae
1494 472 1565 500 sunt
1598 470 1724 511 eloquia

58 516 325 558 5pulcritudinis‚
362 516 468 547 officia
497 517 624 557 linguae
668 520 880 558 retorqueam.
937 518 1033 558 igitur
1068 528 1139 548 cum
1175 518 1298 550 Romae
1333 520 1457 561 positus
1490 521 1559 551 eius
1589 522 1724 561 quaein

88 567 256 609 Hispaniis
286 568 420 599 deerant
449 568 611 598 volumina
636 568 766 599 sedulus
790 569 969 609 vestigator
993 570 1228 610 perquirerem,
1261 571 1454 612 inventaque
1479 572 1606 613 propria
1629 583 1725 603 manu

88 618 347 658 transcriberem,
371 622 523 660 tantaque
548 619 686 650 dulcedo
710 619 881 650 verborum
911 621 1052 650 animum
1076 631 1183 651 meum
1209 621 1437 652 inaestimabili
1462 622 1619 653 suavitate
1643 624 1723 654 mul-

89 674 192 709 ceret,
227 671 370 712 speciale
395 670 544 712 quiddam
576 671 607 701 in
637 670 749 702 eadem
779 671 847 701 sine
873 672 1049 713 cuiuspiam
1074 673 1225 714 perspexi
1249 674 1488 714 comparatione
1512 674 1722 714 potissimum.

89 722 227 763 denique
252 721 326 752 dum
350 722 516 753 historiam
542 721 627 753 beati
652 722 709 753 Iob
734 723 793 753 sub
818 723 933 764 triplici
958 723 1181 764 indagatione,
1211 723 1240 754 id
1271 728 1320 754 est
1343 724 1510 764 historica,
1540 726 1646 766 typica
1670 727 1719 757 vel

46 786 70 805 ιο
87 773 208 811 morali,
232 773 352 804 studuit
376 774 603 815 explanatione
628 773 787 805 discutere
812 778 908 815 atque
933 774 1117 805 Ezechielis
1147 775 1323 816 prophetae
1347 776 1480 817 primam
1505 777 1555 808 vel
1580 777 1723 808 ultimam

87 828 210 866 partem
241 835 304 856 non
336 826 439 866 inpari
463 825 668 866 expositione
699 836 886 867 percurrere
918 829 1144 867 tantorumque
1168 827 1327 867 profunda
1349 828 1572 868 mysteriorum
1597 829 1725 869 repulso

86 877 287 917 ignorantiae
326 876 435 907 nubilo
480 887 596 908 serena
634 877 854 918 patefactione
895 880 1092 916 monstrare,
1136 888 1239 919 paene
1281 879 1380 909 totius
1419 879 1491 909 novi
1530 891 1566 910 ac
1606 880 1725 910 veteris

87 927 285 959 Testamenti
316 928 470 969 patefecit
505 939 640 963 arcana;
676 932 847 970 actumque
884 932 935 959 est
970 932 1004 959 ut
1033 929 1091 960 hac
1122 930 1361 971 opportunitate
1392 931 1483 971 panis
1514 931 1567 961 ille
1609 931 1661 972 qui
1686 931 1724 962 de

87 979 176 1010 caelo
201 979 384 1020 descendit,
415 979 558 1010 eiusdem
586 980 764 1011 fidelissimi
793 984 973 1022 opportuna
1005 981 1081 1011 satis
1111 981 1279 1012 dulcedine
1304 982 1447 1012 satiaret.
1493 982 1548 1012 sed
1572 983 1721 1023 quoniam

47 1042 70 1061 15
89 1030 122 1061 in
146 1030 259 1062 eadem
291 1031 477 1072 prolixitate
502 1031 710 1070 voluminum,
746 1031 820 1062 dum
858 1032 1032 1063 testimonii
1056 1033 1308 1074 uniuscuiusque
1334 1033 1505 1074 requiritur
1529 1034 1725 1074 explanatio,

87 1092 190 1124 paene
225 1083 321 1113 totius
356 1083 463 1124 operis
498 1083 566 1113 eius
602 1086 670 1114 erat
712 1083 743 1114 in
786 1084 935 1124 ambiguo
980 1095 1043 1114 non
1084 1084 1217 1115 minima
1251 1084 1463 1126 perscrutatio
1499 1088 1595 1125 atque
1631 1084 1727 1114 animi

89 1133 229 1165 ardentis
254 1145 351 1176 saepe
368 1134 508 1175 frigebat
530 1135 676 1174 intentio,
701 1135 799 1165 malui
824 1135 924 1166 semel
952 1136 1129 1166 maximum
1156 1136 1298 1177 perferre
1323 1136 1465 1166 laborem
1490 1146 1584 1177 quam
1602 1146 1729 1177 semper

88 1188 272 1227 suspectam
297 1186 436 1217 tolerare
467 1186 701 1217 difficultatem.
747 1187 890 1228 percurri
915 1187 1012 1227 igitur
1040 1188 1147 1218 omnia
1176 1187 1322 1218 eiusdem
1354 1188 1550 1218 monimenta
1574 1187 1727 1217 librorum

88 1240 120 1268 et
142 1247 245 1278 paene
274 1238 371 1268 totius
397 1237 576 1279 scripturae
600 1248 712 1269 sacrae
746 1238 945 1275 testimonia,
976 1249 1058 1280 quae
1092 1239 1124 1269 in
1153 1239 1221 1269 eius
1252 1239 1414 1280 opusculis
1440 1238 1478 1269 ad
1503 1238 1727 1280 probationem

45 1299 70 1318 πο
88 1289 139 1319 vel
174 1289 407 1330 expositionem
445 1289 600 1330 cuiusque
636 1290 682 1320 rei
718 1289 862 1320 adhibita
897 1290 1032 1321 diversis
1067 1291 1099 1321 in
1135 1291 1216 1321 locis
1253 1289 1501 1321 continebantur
1536 1290 1725 1330 conscripta,

87 1340 258 1372 adiuvante
298 1340 427 1371 Christo
471 1341 562 1379 Iesu,
605 1342 657 1382 qui
693 1352 735 1372 ex
774 1352 829 1372 ore
866 1342 1034 1372 infantium
1082 1345 1179 1383 atque
1213 1342 1400 1373 lactentium
1439 1341 1565 1383 perficit
1598 1340 1725 1371 laudem

86 1392 277 1434 linguasque
313 1395 472 1423 mutorum
507 1393 634 1423 vinculo
670 1393 897 1424 taciturnitatis
935 1393 1086 1432 absolvit,
1129 1394 1195 1424 suis
1235 1393 1416 1424 coadunata
1458 1392 1622 1423 ordinibus
1662 1392 1727 1423 stili

88 1444 323 1485 conscriptione
349 1444 477 1485 collegi,
507 1448 665 1485 quatenus
702 1444 866 1476 studiosus
896 1446 1030 1486 quisque
1071 1456 1142 1476 cum
1177 1445 1208 1475 in
1234 1445 1355 1476 eisdem
1382 1444 1598 1475 voluminibus
1623 1444 1727 1474 cuius-

87 1495 166 1526 libet
189 1496 272 1527 sacri
296 1496 471 1526 testimonii
496 1496 759 1536 explanationem
784 1496 931 1537 requirit,
967 1507 1007 1527 ne
1037 1497 1207 1538 multiplici
1237 1497 1373 1527 lectione
1398 1496 1551 1536 fatigatus
1576 1505 1639 1525 non
1664 1495 1725 1525 cito

46 1556 69 1576 25
88 1547 227 1588 reperiat
250 1547 334 1589 quod
358 1547 506 1583 voluerit,
531 1547 571 1577 ad
595 1547 657 1578 ista
680 1557 762 1588 quae
787 1547 933 1589 decerpsi
959 1558 1137 1588 recurrens,
1162 1551 1295 1589 repente
1320 1547 1405 1588 quod
1429 1547 1592 1577 desiderat
1617 1545 1725 1576 videre

86 1598 312 1629 satisfactionis
337 1598 528 1630 discretione
554 1599 704 1640 reperiet.
751 1599 904 1630 lectorem
930 1600 1048 1641 quippe
1078 1599 1172 1630 huius
1198 1600 1302 1640 operis
1327 1609 1443 1630 censeo
1467 1597 1724 1634 ammonendum,

86 1652 121 1680 ut
144 1650 232 1691 vigili
260 1650 437 1681 intentione
466 1650 672 1691 praevideat,
704 1651 854 1692 quoniam
884 1651 1038 1692 pleraque
1074 1651 1329 1682 testimoniorum
1366 1650 1507 1691 capitula
1543 1649 1574 1679 in
1605 1649 1726 1680 eisdem

87 1701 320 1741 voluminibus,
344 1705 379 1732 ut
403 1712 499 1743 supra
522 1702 735 1739 meminimus,
759 1702 895 1733 diversis
919 1703 950 1733 in
974 1703 1054 1733 locis
1079 1703 1152 1742 sita,
1177 1703 1222 1733 ita
1246 1706 1281 1733 ut
1305 1702 1436 1732 inventa
1471 1703 1544 1731 sunt
1568 1700 1726 1741 exposita,

89 1763 107 1783 a
137 1763 188 1783 me
217 1753 387 1784 ordinatim
418 1753 554 1784 collecta
583 1754 651 1784 fore
676 1757 863 1784 noscuntur.
910 1754 974 1784 alia
1001 1754 1114 1794 igitur,
1153 1764 1234 1794 quae
1267 1754 1329 1784 iam
1360 1754 1392 1783 in
1425 1752 1642 1794 superioribus
1673 1754 1728 1781 aut

46 1812 70 1831 ³⁰
88 1805 291 1836 inferioribus
325 1805 471 1847 partibus
506 1806 696 1847 exposuisse
731 1806 817 1836 visus
853 1809 903 1836 est
944 1809 975 1836 et
1010 1805 1125 1836 iterum
1159 1808 1255 1846 atque
1290 1805 1405 1835 iterum
1445 1802 1621 1844 quamlibet
1655 1802 1726 1832 aliis

89 1856 210 1895 verbis,
245 1856 357 1888 eodem
388 1859 495 1887 tamen
524 1868 621 1888 sensu
645 1857 781 1889 diversis
814 1858 845 1888 in
873 1857 953 1888 locis
977 1857 1193 1898 recapitulata
1217 1856 1419 1897 expositione
1444 1855 1602 1891 retexuit,
1633 1864 1726 1895 prae-

89 1907 277 1939 cedentibus
312 1908 520 1947 testimoniis,
562 1912 596 1939 ut
636 1909 713 1940 ordo
754 1908 1018 1950 exponendarum
1058 1919 1164 1939 rerum
1199 1907 1359 1948 poposcit,
1401 1907 1509 1947 aliqua
1544 1905 1727 1943 inserenda,

88 1958 212 2000 reliqua
250 1969 325 1990 vero
364 1959 579 2001 relinquenda
613 1961 737 1999 curavi,
782 1965 939 2002 quatenus
980 1971 1020 1991 ex
1062 1959 1332 2001 praecedentibus
1376 1957 1608 1998 subsequentia
1647 1967 1725 1998 pen-

88 2009 202 2041 derent
249 2014 281 2041 et
326 2011 557 2052 subsequentia
595 2012 865 2053 praecedentibus
907 2022 978 2043 sese
1020 2012 1130 2042 utilius
1170 2013 1369 2052 coaptarent.
1435 2019 1508 2040 nam
1548 2008 1572 2038 si
1612 2012 1727 2038 cuncta

47 2069 70 2088 ³⁵
90 2061 227 2093 discreto
252 2062 362 2093 ordine
386 2063 418 2093 in
447 2062 541 2093 huius
564 2064 669 2104 operis
695 2064 778 2095 serie
807 2067 1016 2105 ponerentur,
1048 2063 1157 2104 procul
1188 2062 1283 2093 dubio
1315 2060 1501 2102 magnitudo
1530 2059 1725 2090 voluminum

88 2113 255 2144 brevitatis
290 2114 420 2144 modum
455 2114 630 2145 excederet
664 2118 777 2156 atque,
827 2115 876 2146 sui
910 2114 1177 2156 recapitulatione
1213 2114 1344 2144 lectoris
1391 2113 1514 2143 animus
1550 2110 1726 2148 offendens,

89 2164 232 2196 facerent
259 2165 464 2196 nihilominus
503 2166 640 2207 repetita
670 2166 842 2197 fastidium.
905 2166 994 2197 cuius
1038 2166 1085 2196 rei
1124 2165 1336 2206 quantitatem
1377 2164 1408 2194 in
1450 2174 1508 2194 sex
1553 2162 1726 2199 codicibus,

89 2219 238 2256 quattuor
273 2217 396 2248 scilicet
430 2217 550 2248 veteris
585 2218 803 2257 instrumenti,
842 2217 966 2248 duobus
1002 2217 1099 2247 etiam
1133 2216 1206 2247 novi
1246 2215 1449 2253 testamenti,
1488 2214 1555 2245 suis
1596 2213 1726 2244 conexis

190 2311 204 2336 1
223 2313 336 2337 Graecae
355 2312 486 2342 Baluzz'us,
505 2313 588 2344 grecie
608 2313 667 2336 MT
757 2312 773 2336 ⁴2
798 2313 837 2336 vel
859 2312 890 2335 M
906 2312 1036 2342 Balazins,
1060 2320 1107 2335 om.
1134 2311 1158 2335 T
1240 2311 1294 2335 eius
1322 2311 1416 2334 meritis
1444 2310 1471 2339 T,
1494 2310 1548 2333 eius
1573 2309 1664 2332 mentis
1692 2307 1729 2337 M,

89 2362 135 2379 om.
153 2354 277 2379 Baluzim
376 2354 391 2379 3
414 2356 576 2388 panegyricis
604 2356 628 2380 Τ
646 2356 778 2387 Baluzias,
806 2355 957 2387 paralogIcis
983 2355 1015 2378 M
1089 2358 1206 2378 censetur
1232 2352 1312 2385 (setur
1336 2354 1362 2377 in
1390 2361 1485 2376 rasura
1510 2361 1525 2375 a
1549 2359 1627 2374 manu
1648 2350 1674 2379 2)
1700 2350 1732 2373 M

122 2396 138 2422 4
168 2398 255 2422 audita
281 2398 406 2422 Baluzius
497 2399 659 2431 praemittens
688 2398 749 2428 MT,
776 2398 913 2422 vindicavit
940 2397 1053 2427 Traube,
1082 2397 1283 2429 praetermittens
1315 2396 1438 2419 Halmius
1542 2394 1558 2418 5
1585 2394 1639 2417 eius
1665 2392 1728 2422 JIT,

89 2441 200 2466 eiusdem
228 2441 351 2465 Baluzius
446 2441 461 2465 6
488 2442 610 2474 Hispanis
636 2442 692 2466 edd.
768 2442 923 2472 inventaque
943 2454 973 2457 —
996 2441 1189 2464 transcriberem
1215 2448 1262 2464 om.
1286 2438 1313 2469 T,
1343 2439 1369 2463 in
1396 2437 1510 2469 maryine
1536 2436 1637 2460 addidit
1662 2434 1728 2466 (alia

89 2483 206 2515 manusie)
226 2483 262 2515 M,
286 2484 359 2508 habet
382 2484 505 2508 Balazz'us
593 2484 606 2509 7
630 2485 799 2509 inextimabili
820 2484 882 2514 MT,
900 2485 934 2515 cf.
948 2492 976 2515 p.
995 2485 1051 2513 1237,
1064 2485 1097 2507 34
1189 2482 1205 2507 8
1229 2483 1332 2514 quidam
1352 2482 1381 2505 JI
1450 2481 1555 2506 eandem
1586 2479 1608 2502 T
1674 2487 1727 2510 per-

89 2527 158 2558 spexi
185 2526 317 2557 Baluzius,
349 2528 467 2559 prospexi
495 2527 530 2557 M,
557 2528 673 2560 prespexi
702 2527 725 2550 T
807 2527 938 2559 potissima
963 2526 995 2550 M
1098 2525 1126 2549 11
1155 2526 1295 2558 profundae
1323 2524 1447 2549 Halmius
1554 2522 1583 2546 12
1610 2525 1678 2546 totus
1712 2521 1734 2544 T

124 2569 155 2594 15
180 2570 316 2594 testimonii
347 2570 372 2599 T,
399 2571 571 2594 testimonium
597 2571 626 2594 M
644 2571 778 2599 Balazius;
805 2571 837 2602 cf.
858 2571 873 2594 l.
890 2571 921 2593 ‘24
1010 2569 1040 2593 16
1066 2573 1134 2593 totus
1165 2568 1189 2591 T
1260 2568 1427 2600 prescrutatio
1456 2566 1515 2590 MT
1597 2563 1628 2589 17
1654 2573 1727 2596 saepe

90 2612 219 2640 Baluziue,
246 2621 289 2644 spe
317 2613 376 2636 MT
457 2615 568 2645 proferre
592 2614 715 2638 Balzczius
821 2612 852 2637 18
876 2613 993 2636 Percurri
1024 2613 1051 2635 M
1079 2611 1217 2640 Baluzius,
1245 2620 1292 2635 om.
1317 2611 1340 2634 Τ
1441 2608 1471 2633 19
1499 2609 1530 2633 ad
1554 2608 1727 2640 probationem

89 2654 220 2686 Baluzius,
239 2656 428 2687 aprobationem
449 2656 485 2686 ΑΙ,
504 2656 711 2688 approbationem
734 2656 758 2680 Τ
840 2655 871 2679 21
893 2656 998 2687 perfecit
1018 2655 1048 2678 JI
1126 2653 1159 2678 22
1178 2654 1230 2678 stili
1251 2667 1284 2671 —
1305 2652 1338 2677 23
1362 2657 1489 2684 quatenus
1508 2650 1599 2674 addidi
1617 2658 1645 2674 er
1665 2649 1726 2678 MT,

89 2706 136 2722 om.
149 2697 273 2722 Baluziue
342 2696 375 2722 25
394 2698 493 2730 decerpi
512 2698 535 2721 T
598 2699 736 2723 decurrens
755 2698 787 2722 ‚nl
853 2698 939 2722 uidere
958 2698 983 2727 T,
1004 2698 1082 2722 libere
1096 2697 1132 2728 ΙΙΙ,
1152 2697 1246 2721 liberae
1265 2696 1389 2720 Baluzius
1458 2694 1491 2718 26
1509 2693 1684 2718 aminonedum
1700 2692 1731 2716 M

122 2739 154 2764 27
174 2741 340 2765 intentionem
359 2741 414 2772 (sed
432 2749 457 2764 m
476 2741 562 2772 erasa)
583 2741 615 2765 M
682 2742 801 2773 quoniam
821 2741 952 2771 Balzcxius,
972 2749 1048 2772 quam
1068 2740 1125 2763 MT
1192 2738 1225 2764 “29
1243 2739 1294 2763 alia
1313 2739 1406 2770 legitur
1426 2738 1457 2761 [ΙΙ
1523 2737 1549 2760 in
1568 2736 1684 2767 superius
1700 2735 1732 2758 *ll

123 2782 156 2808 30
179 2792 256 2815 quam
282 2784 346 2808 liber
370 2784 403 2807 M
491 2783 525 2808 33
547 2785 685 2816 penderent
710 2784 743 2808 17!
762 2784 893 2814 Balztzim,
920 2783 1030 2817 pendent
1058 2783 1081 2808 T
1168 2782 1200 2807 36
1219 2782 1319 2806 animus
1342 2781 1378 2811 Μ,
1402 2781 1514 2805 animum
1537 2780 1585 2811 (T)
1606 2778 1728 2802 Baluzius

124 2824 156 2850 38
174 2827 334 2851 instrumenti
355 2826 387 2850 A!
407 2826 540 2857 Balnzius,
564 2828 710 2852 testamenti
735 2827 758 2853 T

191 2879 351 2905 Senn'roaas
369 2879 557 2907 Anrromssmr
570 2879 629 2903 XIV
644 2878 667 2903 1.
1490 2872 1522 2898 37

1769 422 1805 450 10

1772 984 1806 1012 12

1742 1350 1815 1375 psalm.
1828 1351 1846 1374 Β,
1857 1351 1868 1369 3

1774 1596 1810 1624 13

1776 2158 1810 2186 14
