2106 3061
655 358 1138 406 FRAGMENTA.

723 501 1070 538 TESTLMONIA.

180 575 356 616 Ilclephons.
381 574 417 605 do
439 574 496 604 vir.
517 573 562 605 ill.
581 574 637 604 14:
672 573 713 616 [6]
737 574 902 614 Eecyenius
926 577 1053 618 scripsit
1081 577 1124 608 de
1150 580 1286 608 sancta
1315 578 1491 609 trinitate
1515 580 1659 611 libellum
1684 586 1716 613 et

79 629 207 671 eloquio
231 627 368 658 nitidum
392 629 423 657 et
447 626 492 656 rei
508 626 643 657 veritate
661 627 865 667 perspicuum
884 627 1010 669 (presp-
1029 628 1092 658 cod.
1115 627 1213 669 Cas),
1238 629 1291 670 qui
1307 628 1493 671 Libyaeque
1511 630 1715 674 Orientisque

78 681 138 721 (sic
164 679 228 719 fere
262 678 348 719 Cas.)
383 677 529 719 partibus
559 677 643 708 mitti
671 678 861 718 quantocius
897 681 1036 720 poterat,
1069 679 1130 710 nisi
1157 681 1307 721 procellis
1344 681 1532 712 resultantia
1557 682 1642 714 freta
1668 684 1716 714 in-

50 746 60 764 5
79 734 202 764 certum
225 729 350 772 pavidis
374 729 435 760 iter
458 729 634 759 viatoribus
652 728 863 760 distulissent.
902 728 945 771 [7]
984 731 1112 772 scripsit
1136 734 1168 761 ct
1192 731 1272 762 duos
1290 732 1426 771 libellos,
1452 744 1549 764 unum
1573 734 1717 765 diversi

78 782 255 815 carminis
285 784 416 817 metro,
452 780 548 811 alium
583 779 737 810 diversi
773 780 903 822 operis
939 792 1055 822 prosa
1085 785 1269 821 concretos,
1306 784 1358 824 qui
1395 784 1435 814 ad
1466 785 1638 816 multorum
1670 787 1716 817 in-

77 835 234 866 dustriam
259 832 327 864 eius
351 842 393 863 ex
417 831 477 862 hoc
501 831 657 862 tenaciter
680 835 824 862 sanctam
849 833 1021 863 voluerunt
1046 833 1273 865 commendare
1297 835 1493 866 memoriam.

180 919 216 950 cle
238 918 352 949 missa
375 916 579 958 Hippolyti
600 927 626 947 v.
650 927 750 956 supra
770 927 802 956 p.
819 918 893 956 28¹7,
909 919 929 947 3
952 921 1013 949 not.

180 969 319 1001 Braulio
342 969 430 1008 epist.
454 969 497 999 ad
518 968 660 1000 Fromm.
678 971 698 999 3
720 969 846 1009 (Illique
869 970 919 1007 80,
937 970 1036 1009 ΤΟῙΞῸ
1065 970 1104 1001 de
1134 970 1247 1001 eadem
1277 982 1403 1013 quoque
1429 973 1646 1005 sollemnitate
1670 975 1720 1014 (in

38 1036 62 1055 ιο
78 1024 224 1056 honorem
257 1021 290 1053 S.
313 1019 540 1059 Aemz'lz‘am')
576 1023 611 1050 ut
646 1021 760 1051 missa
795 1021 985 1052 recitaretur
1020 1023 1196 1053 communis
1232 1023 1357 1054 iniunxi
1392 1024 1509 1055 dilecto
1545 1025 1610 1055 filio
1646 1036 1717 1057 meo

79 1075 227 1117 Eugenio
251 1073 385 1104 diacono
396 1071 430 1114 1).

722 1273 1079 1310 FRAGMENTA

181 1351 334 1381 incertum
357 1348 411 1379 ubi
434 1348 533 1380 locum
556 1347 723 1379 habuerint
744 1348 921 1388 fraymenta
944 1349 1035 1380 luceo:

182 1402 301 1434 Iulian.
335 1401 429 1432 Tolet.
448 1402 607 1440 profluost.
631 1402 660 1437 3,
683 1402 724 1430 17
751 1400 881 1440 (Patres
912 1401 1006 1432 Tolet.
1031 1401 1076 1432 ed.
1101 1400 1286 1432 Lorenzana
1308 1401 1352 1431 H
1372 1412 1406 1439 p.
1431 1402 1486 1439 54)
1522 1405 1556 1432 ut
1592 1405 1719 1433 ceteros

39 1466 63 1485 ιε,
84 1458 224 1493 taceam,
254 1453 377 1495 egregii
400 1452 618 1494 praeceptoris
646 1453 744 1482 nostri
774 1452 928 1493 Eugenii,
964 1452 1143 1483 Toletanae
1168 1453 1253 1484 sedis
1279 1453 1444 1491 antistitis,
1475 1453 1616 1484 breviter
1640 1454 1720 1485 haec

81 1507 180 1539 verba
211 1508 373 1537 retexam:
410 1503 689 1535 ‘resurrectionem
721 1507 829 1535 autem
860 1505 964 1535 caruis
994 1505 1162 1535 verissime
1192 1504 1396 1543 confitemur,
1431 1515 1495 1535 non
1523 1509 1558 1535 ut
1592 1505 1720 1546 quidam

81 1559 232 1596 delirant,
263 1559 297 1588 ut
323 1557 355 1587 in
387 1556 475 1587 aeria
498 1556 548 1586 vel
579 1555 723 1596 qualibet
756 1555 818 1586 alia
843 1566 939 1587 carne
964 1566 1188 1597 resurgamus,
1222 1556 1278 1587 sed
1307 1556 1339 1586 in
1362 1556 1422 1587 hac
1448 1567 1510 1597 qua
1534 1568 1657 1595 sumus,
1690 1558 1721 1587 in

81 1610 141 1641 hac
166 1619 228 1650 qua
252 1608 347 1640 etiam
372 1618 429 1649 pro
452 1610 541 1638 reete
570 1607 663 1637 factis
692 1617 844 1638 coronam
876 1611 931 1638 aut
962 1618 1017 1649 pro
1049 1608 1132 1638 male
1160 1608 1261 1649 gestis
1291 1608 1513 1649 unusquisque
1546 1609 1723 1640 merebitur

83 1661 227 1703 recipere
252 1659 411 1702 poenam².

42 1722 66 1742 20
185 1712 259 1744 ibid.
276 1712 361 1749 3,24
377 1721 413 1750 p.
432 1711 473 1741 53
496 1711 573 1748 erit,
597 1713 632 1741 ut
661 1714 854 1752 praeceptor
876 1714 986 1742 noster
1010 1722 1102 1742 sacer
1125 1711 1293 1752 Eugenius
1321 1710 1429 1749 docet,
1464 1714 1554 1741 tanta
1585 1722 1621 1741 ac
1651 1711 1723 1741 talis

84 1763 254 1806 glorificati
283 1763 424 1804 eorporis
451 1761 672 1804 pulchritudo,
706 1765 741 1792 ut
776 1762 918 1794 oblectet
951 1763 1102 1793 intuitum
1137 1766 1169 1793 et
1207 1773 1261 1793 cor
1288 1763 1474 1793 nullatenus
1506 1763 1650 1793 inflectat
1684 1762 1723 1792 ad

84 1816 206 1848 vitium.

186 1866 260 1898 ibid.
281 1868 310 1904 3,
330 1867 373 1897 26
392 1876 428 1905 p.
453 1866 493 1896 59
523 1866 731 1908 plurimorum
771 1865 936 1897 doctorum
968 1866 1100 1897 evidens
1136 1865 1295 1905 definitio,
1332 1865 1423 1896 iuxta
1457 1864 1541 1906 quod
1576 1868 1607 1895 et
1639 1865 1724 1895 clara

85 1918 302 1961 praeceptoris
331 1918 431 1948 nostri
460 1917 600 1959 Eugenii
636 1918 799 1949 sententia
830 1921 1048 1956 contestatur,
1084 1918 1144 1948 hoe
1178 1918 1307 1948 astruit:
1344 1916 1429 1958 quod
1460 1917 1491 1947 in
1525 1917 1581 1947 illa
1618 1916 1724 1947 futura

45 1980 68 2000 25
85 1971 187 2012 gloria
214 1969 475 2009 resurrectionis,
511 1970 566 2000 ubi
600 1969 688 2000 nulla
722 1970 909 2011 corporibus
943 1970 1062 2000 sanctis
1093 1968 1295 2006 deformitas,
1331 1968 1419 1998 nulla
1450 1978 1575 2009 quoque
1606 1967 1724 1998 doloris

86 2025 141 2053 aut
167 2021 286 2053 laboris
310 2021 371 2052 erit
400 2020 595 2061 adversitas,
625 2031 689 2051 non
719 2021 758 2051 sit
781 2031 908 2062 quoque
937 2020 1113 2061 tegminum
1148 2019 1351 2051 necessarius
1382 2029 1469 2058 usus,
1510 2018 1623 2060 quibus
1664 2019 1724 2049 erit

86 2073 191 2104 omnia
215 2076 248 2104 et
269 2073 301 2103 in
325 2072 473 2103 omnibus
498 2071 647 2103 Christus
671 2071 781 2112 (Paul.
799 2071 911 2103 Coloss.
929 2073 958 2109 3,
976 2072 1041 2109 11).

187 2184 218 2210 17
237 2193 289 2218 qua
306 2194 394 2210 sumus
413 2189 437 2210 et
456 2185 580 2215 vivimus,
600 2186 625 2209 in
645 2193 696 2217 qua
715 2186 789 2210 etiam
808 2188 853 2209 aut
872 2193 916 2217 pro
935 2192 982 2216 eqs.
996 2184 1070 2208 editio
1092 2183 1209 2208 Goelilaei
1228 2182 1298 2215 Lipa.
1313 2184 1375 2207 1536
1471 2181 1502 2206 21
1521 2181 1655 2214 glorificati
1675 2189 1724 2205 om.

87 2229 125 2254 ed.
138 2229 263 2254 Duacena
282 2228 364 2254 Boetia*
381 2228 480 2260 Epom‘s
499 2231 559 2253 1564

192 2332 211 2364 ¹)
230 2330 370 2365 hymnus
388 2330 508 2364 Euyenii
526 2329 600 2356 tertii
621 2328 740 2355 Toletani
758 2328 943 2361 archiepiscopi
961 2328 991 2353 in
1010 2327 1116 2353 laudem
1134 2327 1159 2353 S.
1174 2327 1317 2353 Aemiliani
1343 2326 1384 2360 (in
1402 2325 1485 2352 codice
1503 2324 1618 2351 Sorieizsi
1635 2324 1725 2357 (leper-

87 2381 141 2409 dito
162 2383 245 2415 fuisse
262 2382 366 2415 dicitur,
390 2391 412 2408 v.
426 2383 501 2416 Beer,
530 2381 845 2413 Handscleri'ftenschc'itw
864 2380 996 2414 Spmziens
1016 2389 1043 2413 p.
1059 2379 1120 2412 434)
1144 2379 1239 2411 fabula
1263 2381 1308 2404 est.
1351 2380 1386 2403 est
1409 2377 1475 2402 enim
1499 2376 1657 2402 Braulionis
1681 2375 1724 2408 (cs.

89 2434 180 2468 Miyne
199 2437 239 2467 80,
256 2434 340 2468 702²),
364 2433 449 2460 editus
467 2434 558 2468 Miqm
576 2437 618 2466 80,
635 2436 679 2459 713
697 2437 720 2459 et
739 2437 781 2465 86,
796 2436 867 2464 1242,
892 2432 983 2457 mellus
1004 2431 1040 2456 ml
1056 2431 1155 2457 codices
1180 2430 1303 2463 antiquos
1321 2428 1482 2462 visiyothicos
1500 2427 1725 2461 Blimze-Drei·es,

90 2486 161 2513 anal.
174 2486 260 2520 hymn.
276 2486 403 2512 XXVII
411 2494 438 2519 p.
453 2489 510 2512 125.
541 2494 613 2512 error
630 2485 694 2511 inde
712 2488 794 2511 viatus
813 2484 882 2518 qnod
901 2492 994 2509 memor
1011 2486 1066 2509 orat
1086 2483 1133 2516 qni
1153 2482 1257 2516 scripsit
1276 2481 1394 2515 Eoi-{senii
1413 2480 1540 2507 carminis
1560 2484 1594 2506 11.

1471 2806 1520 2834 37*
