2106 3061
792 189 964 216 ROMVLEA
986 191 1049 217 VIII
1680 201 1689 227 Ῑ
1700 200 1731 228 71

495 274 629 316 imperio
655 276 811 316 compelle
835 280 905 308 tuo:
930 288 1140 319 properamus
1164 279 1204 309 ad
1228 290 1356 321 aequor,

409 334 459 359 555
496 329 528 357 et
551 329 644 357 vacat
668 337 685 357 e
711 327 807 358 iussis
832 338 1024 360 concurrens
1049 330 1141 361 turba
1165 331 1339 363 ministris.³

496 378 541 408 sic
565 378 663 408 effata
686 379 799 410 volens
824 380 947 420 rapitur
969 391 1028 422 per
1052 382 1133 412 colla
1157 383 1283 423 tyranni

495 429 558 459 iarn
582 429 701 460 Priami
725 441 796 461 cum
822 431 913 462 clade
938 442 1051 463 nurus:
1077 433 1122 463 sic
1147 436 1238 474 terga
1262 435 1388 465 iuvenci

495 479 658 522 Europam
682 492 820 523 rapuere
845 482 908 522 dei,
933 493 1004 514 cum
1029 484 1174 525 Iuppiter
1199 486 1268 526 ipse

495 534 608 563 taurus
633 532 824 574 Olympiaca
848 534 999 575 produxit
1023 546 1143 566 cornua
1167 536 1285 568 fronte:

409 591 460 617 500
496 583 669 614 fulmineus
696 588 806 616 vector
831 585 976 616 sobolem
1002 586 1234 618 famulantibus
1258 587 1351 618 undis

495 635 615 676 gaudet
637 635 834 677 Agenoriam
859 637 1012 668 caelestia
1037 639 1120 669 colla
1143 642 1341 679 gravantem,

497 697 568 717 cum
592 686 706 718 Cadmi
730 691 887 729 cognatus
911 699 1012 730 aquas
1036 689 1120 721 freta
1145 701 1262 731 magna
1286 694 1420 722 secaret.

497 749 573 779 ergo
597 738 653 769 ubi
677 740 824 780 pervenit
847 743 957 781 raptor
981 741 1128 772 turbatus
1153 741 1193 772 ad
1217 752 1337 783 aequor

496 792 529 820 et
553 790 628 821 licet
653 790 830 822 exhaustus
856 802 951 823 cursu
975 793 1025 823 vel
1050 793 1193 834 pondere
1216 794 1331 833 lassus,

411 849 461 874 5(;5
497 841 550 882 qui
575 844 702 882 gratum
726 843 876 884 portabat
899 854 979 874 onus
1003 847 1111 875 tamen
1136 845 1203 886 ipse
1227 845 1410 877 Lacaenam

496 893 590 924 litore
614 904 678 924 non
701 895 817 935 posuit,
841 895 948 926 media
972 895 1030 926 sed
1053 906 1161 937 puppe
1186 897 1316 928 locavit:

497 947 615 976 nautae
639 945 712 976 vela
734 946 843 977 levant
867 950 899 977 et
922 947 1019 978 remis
1044 951 1150 979 castra
1173 953 1351 982 moventur.

497 995 672 1028 adveniunt
695 997 831 1028 collecta
854 1009 967 1029 manus
992 999 1056 1029 iam
1080 1000 1182 1031 classe
1207 1004 1330 1032 remota

498 1051 530 1078 et
553 1048 700 1089 quatiunt
724 1059 837 1081 omnes
862 1050 977 1091 palmis
1001 1051 1033 1081 in
1060 1051 1153 1082 litore
1179 1052 1312 1093 frontes,

412 1107 462 1134 570
497 1109 582 1130 nunc
606 1100 728 1141 galleffi,
752 1111 836 1132 nunc
860 1102 926 1133 tela
951 1102 1044 1133 simul
1070 1103 1252 1145 clipeosque
1277 1106 1416 1136 tonantis

498 1151 672 1193 proiciunt3
696 1155 772 1184 tunc
795 1153 865 1194 ipse
890 1153 1001 1184 volans
1028 1165 1086 1195 per
1107 1165 1182 1186 rura
1207 1157 1338 1187 maritus

498 1203 626 1234 sudanti
649 1207 819 1245 pervectus
843 1215 935 1246 equo⁷
960 1216 1055 1247 quem
1079 1207 1210 1237 nuntius
1233 1207 1366 1239 horrens

498 1255 640 1296 fregerat
664 1255 704 1287 ad
728 1255 870 1298 Cyprum
894 1257 1077 1289 venientem
1103 1269 1195 1289 sacra
1218 1258 1336 1299 dicare7

498 1309 533 1337 ut
557 1308 725 1349 conspexit
748 1318 858 1340 amens
883 1309 1003 1340 sulcari
1027 1310 1189 1351 puppibus
1213 1311 1315 1342 undas

413 1367 463 1392 575
500 1362 533 1390 et
555 1358 715 1390 thalamos
738 1363 866 1401 gestare
891 1371 974 1399 suos,
1000 1361 1131 1392 collisus
1156 1362 1285 1394 harenis

499 1411 633 1451 ingemit
656 1414 688 1442 et
712 1411 812 1443 flavos
838 1415 1010 1454 extorquet
1034 1414 1153 1444 vertice
1178 1415 1293 1445 crines.

500 1462 672 1504 Hyrcanae
697 1464 743 1494 sic
767 1474 864 1505 saepe
889 1465 994 1495 solent
1018 1476 1076 1507 per
1099 1465 1193 1496 devia
1217 1467 1316 1507 tigres

501 1514 621 1545 affectu
645 1514 832 1546 stimulante
857 1516 934 1558 rapi,
961 1527 1031 1547 cum
1056 1517 1192 1558 pignora
1216 1522 1319 1549 mater

500 1566 606 1607 perdit
630 1569 661 1598 et
685 1567 776 1598 elusa
799 1567 913 1599 feritas
938 1569 1059 1609 pietate
1084 1570 1230 1600 nocentis

415 1626 465 1653 580
500 1618 636 1660 raptoris
661 1621 802 1650 sectatur
825 1620 896 1657 iter,
921 1621 1057 1662 vestigia
1082 1621 1193 1652 sollers

500 1670 680 1711 insequitur
703 1671 875 1712 praedonis
901 1672 985 1713 equi⁷
1011 1673 1148 1703 sessoris
1172 1673 1297 1707 anheli;

500 1725 549 1753 ast
571 1722 626 1753 ubi
649 1725 740 1753 torva
763 1733 880 1764 parens
905 1726 1067 1755 transacto
1093 1724 1225 1756 flumine
1253 1728 1346 1756 natos

500 1774 624 1805 secerni
648 1775 815 1816 conspexit
839 1775 940 1816 aquis,
966 1775 1050 1807 redit
1073 1776 1151 1807 orba
1175 1776 1284 1807 dolore

501 1828 534 1856 et
556 1826 656 1867 gemit
679 1826 865 1858 infrendens
889 1828 1043 1858 amissum
1067 1827 1175 1859 nobile
1200 1828 1331 1870 pignus:

415 1884 464 1911 585
501 1877 632 1909 Atrides
657 1878 703 1909 sic
727 1882 871 1909 maestus
896 1882 965 1910 erat·
988 1879 1027 1910 de
1053 1880 1188 1921 coniuge
1212 1884 1313 1922 rapta.

587 1930 713 1961 interea
736 1930 867 1961 Aeneas
893 1930 1020 1962 rediens
1044 1931 1164 1972 legatio
1191 1931 1319 1963 Troiam

503 1984 634 2013 venerat
657 1984 689 2012 et
712 1981 840 2013 Priamo
865 1983 1050 2014 Telamonis
1075 1983 1161 2014 dicta
1184 1986 1338 2025 reportat.

503 2033 559 2064 sed
582 2033 734 2064 Paridem
758 2034 885 2075 genitor
908 2038 1078 2076 postquam
1102 2046 1167 2066 non
1191 2035 1270 2066 vidit
1294 2039 1447 2075 amatum,

502 2086 628 2128 plangit
652 2088 684 2117 et
707 2086 855 2117 albentes
880 2086 1060 2118 immundat
1083 2087 1213 2128 pulvere
1239 2097 1346 2120 canOS.

214 2191 264 2217 554
281 2196 338 2217 tuos
357 2191 465 2216 Ribbeck·
535 2199 697 2223 properemus
723 2190 838 2215 Iannelli
924 2190 975 2215 555
998 2192 1029 2215 Et
1054 2195 1146 2216 uacate
1171 2192 1249 2216 lussis
1268 2191 1301 2222 N,
1326 2192 1411 2223 Atque
1437 2196 1513 2217 uacet
1532 2192 1605 2217 iussis
1633 2192 1754 2221 Jammlli,

112 2236 144 2260 Et
161 2239 234 2260 vacat
252 2236 347 2260 aversis
367 2234 456 2266 (elusis
477 2233 607 2265 Bam-eus)
627 2234 754 2258 Bz‘z'clzeler
774 2234 834 2258 olz‘m
904 2233 954 2259 556
974 2235 1014 2259 Sic
1033 2236 1086 2259 sata
1106 2234 1138 2266 N,
1157 2236 1189 2259 Et
1207 2235 1243 2259 sic
1262 2237 1315 2260 sata
1335 2236 1455 2267 Iannelli,
1475 2236 1515 2259 Sic
1534 2236 1616 2260 cesam
1636 2235 1755 2259 Bam-ens

146 2277 195 2303 557
214 2286 295 2303 nurus
322 2286 352 2303 ex
376 2287 465 2303 murus
490 2278 607 2302 radendo
627 2277 656 2301 N
739 2277 788 2303 561
807 2282 957 2310 grauentem
977 2278 1010 2309 N,
1037 2287 1102 2303 corr.
1118 2278 1197 2303 Dulzn
1285 2278 1335 2304 563
1354 2280 1476 2312 peruemit
1489 2279 1518 2302 N
1585 2279 1703 2303 turbatur
1722 2278 1755 2308 Ny

113 2329 177 2345 corr.
191 2321 306 2346 Iannelli
410 2321 460 2347 564
488 2330 534 2346 uec
558 2321 667 2354 pondere
687 2321 794 2345 Ribbeck
898 2321 948 2345 567
968 2325 1052 2346 castra
1072 2321 1105 2351 N,
1129 2325 1238 2346 transtra
1262 2322 1353 2353 Peiper
1456 2321 1506 2346 569
1533 2322 1633 2346 frondes
1663 2321 1755 2352 Teuffel

146 2363 196 2390 570
214 2369 332 2390 sonantes
352 2365 466 2389 Iamzelli
551 2363 599 2388 571
619 2363 751 2389 Puoicii'it:
771 2368 833 2388 tunc
852 2365 923 2388 uenit
942 2365 994 2396 ipse
1013 2364 1046 2393 N,
1066 2366 1178 2393 corvem-R
1203 2370 1263 2389 tunc
1282 2365 1332 2389 del.
1350 2365 1465 2389 Iaoznelli
1552 2364 1602 2388 572
1622 2368 1755 2396 provectus

114 2406 238 2432 Biicheler
337 2406 388 2432 574
410 2416 500 2432 amans
524 2407 603 2431 chlm
703 2405 753 2431 577
778 2407 827 2431 Hie
850 2414 913 2437 eane
934 2407 965 2437 N,
991 2416 1056 2432 corr.
1079 2407 1195 2432 lauaem
1288 2407 1338 2432 578
1362 2408 1508 2432 stimulante
1532 2416 1562 2431 m:
1584 2408 1630 2431 *nti
1650 2416 1716 2431 coz-r.
1730 2406 1758 2430 N

148 2448 197 2475 579
216 2450 338 2481 Perdidit3
357 2451 429 2475 elusa
441 2450 566 2482 Rosshery
636 2450 737 2475 nocenti
751 2449 784 2479 N,
803 2458 870 2474 corr.
885 2449 993 2474 Ribbeck·
1063 2450 1114 2475 580
1133 2451 1220 2475 sollers
1237 2459 1302 2475 corr.
1316 2459 1346 2475 esc
1365 2451 1442 2475 solers
1457 2450 1486 2474 N
1550 2449 1597 2474 581
1619 2450 1708 2473 sessori
1722 2449 1755 2479 N,

114 2501 179 2517 corr.
197 2493 312 2518 Iannelli
403 2492 454 2518 582
474 2497 617 2518 transactos
637 2493 734 2518 lumine
754 2493 788 2522 IV,
812 2502 878 2517 corr.
893 2493 980 2523 Dalm,
1001 2494 1135 2518 transiccto
1154 2494 1177 2517 fl.
1197 2494 1289 2525 Pez‘per
1376 2492 1426 2518 583
1443 2494 1517 2525 aquis
1541 2493 1624 2520 Dalm,
1645 2493 1702 2523 quis
1723 2492 1756 2521 N,

114 2536 186 2568 equis
200 2536 314 2561 Iannclli
401 2535 451 2561 584
469 2537 562 2569 pignus
581 2536 618 2569 (pi
639 2536 664 2560 ιή
683 2536 789 2567 rasura)
812 2536 838 2559 N

217 2647 268 2673 555
287 2656 300 2673 e
313 2646 393 2673 iussis
402 2650 464 2680 post
476 2647 551 2673 iussa
570 2649 618 2672 tua
689 2647 737 2673 567
758 2646 827 2679 Very.
841 2646 906 2673 Aen.
920 2650 943 2679 3,
959 2651 1005 2673 519
1019 2656 1066 2673 nos
1081 2649 1171 2673 castra
1185 2655 1324 2673 movemus
1339 2646 1489 2679 warmundo
1558 2646 1608 2672 572
1622 2645 1656 2670 ml
1672 2645 1699 2670 X
1712 2648 1757 2670 -171

150 2698 200 2724 576
216 2698 311 2724 Catvzdl.
325 2702 364 2729 64,
380 2702 427 2725 350
446 2707 527 2725 canos
545 2699 654 2725 solvent
665 2707 681 2724 a
695 2698 798 2725 vertice
813 2698 900 2724 crines
971 2699 1020 2725 579
1036 2699 1079 2724 Or.
1095 2699 1166 2731 epist.
1183 2703 1215 2729 11,
1233 2701 1278 2723 *2111
1292 2698 1385 2724 Peliae
1404 2699 1483 2724 natas
1504 2697 1608 2730 pictate
1630 2698 1757 2722 nocente>-

151 2749 198 2776 581
219 2749 285 2776 Stat.
302 2750 378 2776 Theb.
391 2754 415 2782 4,
429 2754 475 2776 316
494 2750 666 2784 praedatoris
685 2750 749 2784 equi
769 2750 896 2783 sequitur
916 2750 1035 2783 vestigia
1054 2750 1137 2783 tigris
1215 2750 1264 2775 582
1283 2749 1348 2775 Stat.
1367 2750 1443 2775 Theb.
1457 2754 1480 2781 4,
1496 2753 1542 2774 215¹
1561 2750 1639 2775 torva
1660 2756 1757 2781 parcns

118 2800 228 2834 (Claud.
241 2805 279 2834 33,
296 2805 350 2828 128.
370 2806 408 2835 30,
426 2805 466 2835 97)
553 2803 602 2829 58ss
620 2802 690 2835 γονῇ.
706 2803 771 2829 Aen.
786 2806 824 2835 10,
841 2805 890 2828 237
907 2801 1012 2827 interea
1031 2802 1136 2827 Aeneas

1502 2852 1550 2869 θοὰ
