2106 3061
674 673 1082 720 APPENDIX:

544 777 766 823 DVBIA
808 777 893 822 ET
937 777 1218 824 SPVRIA.

59 919 138 963 (60)
649 921 676 954 Ι.
718 921 781 955 DE
810 921 1109 957 DILECTIONE.

452 995 592 1038 Impleat
615 998 651 1026 ut
674 998 817 1027 vestrum
841 996 961 1028 domini
984 996 1113 1028 dilectio
1137 1000 1259 1038 pectus,

450 1058 517 1086 rex,
542 1047 647 1089 ipsum
672 1047 836 1078 dominum
859 1048 977 1089 iugiter
999 1048 1141 1089 rogitare
1165 1050 1338 1079 memento.

449 1098 555 1140 diligit
577 1098 631 1130 ille
656 1099 740 1140 prior
763 1099 911 1130 tribuens
936 1102 1112 1141 praecepta
1136 1110 1277 1138 suorum,

449 1150 600 1189 maxime,
624 1153 771 1182 natorum
798 1151 931 1192 cupiunt
954 1151 1008 1192 qui
1033 1161 1160 1182 currere
1185 1151 1310 1190 callem,

396 1211 412 1236 5
449 1212 544 1243 quem
569 1202 650 1233 caeli
674 1205 797 1233 rectum
821 1206 973 1244 regnator
997 1205 1029 1233 et
1052 1203 1121 1244 ipse
1147 1203 1296 1241 cucurrit,

447 1264 576 1296 semper
599 1264 710 1285 amans
736 1257 841 1294 natos,
866 1257 901 1285 ut
925 1264 1054 1296 semper
1077 1257 1203 1286 ametur
1227 1254 1266 1285 ab
1290 1254 1378 1296 ipsis,

56 1401 135 1445 (61)
692 1402 736 1436 ΙΙ.
777 1402 840 1436 DE
870 1401 1062 1437 TIMORE.

446 1478 491 1510 Vt
514 1479 629 1510 timeas
654 1477 816 1510 dominum
843 1478 925 1519 legis
949 1480 1125 1520 praecepta
1148 1480 1288 1516 secutus,

445 1530 597 1569 maxime,
622 1529 798 1561 Davidicos
822 1529 922 1561 debes
948 1539 1135 1571 percurrere
1159 1540 1301 1571 campos,

444 1582 477 1613 in
501 1582 618 1623 quibus
643 1584 776 1613 aeterno
800 1582 914 1613 latices
939 1581 979 1612 de
1004 1581 1091 1612 fonte
1116 1584 1283 1612 manantes

443 1634 589 1665 invenias
615 1633 743 1665 tibimet
766 1633 878 1664 vitalia
901 1633 1018 1675 pocula
1042 1633 1167 1665 dantes,

393 1693 408 1719 5
446 1696 528 1727 quae
552 1688 699 1727 segetem
723 1696 841 1727 magna
863 1685 996 1716 foveant
1020 1684 1190 1716 dulcedine
1215 1684 1330 1722 cordis,

445 1737 496 1768 hic
520 1739 553 1769 et
576 1737 609 1768 in
632 1740 800 1769 aeternum
824 1736 972 1768 florentia
995 1746 1095 1778 regna
1119 1736 1311 1767 ministrent.

53 1883 131 1927 (62)
367 1886 430 1922 111.
471 1886 534 1920 DE
564 1885 891 1921 OBSERVANDIS
920 1884 1162 1919 MANDATIS
1192 1883 1373 1919 DOMINI.

443 1961 598 2003 Quisquis
623 1964 710 1993 amat
733 1961 907 2000 dominum,
932 1961 1031 1992 debet
1055 1959 1256 1992 sermonibus
1278 1959 1346 1990 eius

444 2024 582 2045 cernuus
608 2014 640 2044 in
665 2014 789 2045 cunctis
812 2014 931 2055 iugiter
954 2023 1069 2055 parere
1093 2012 1241 2043 libenter.

444 2065 542 2096 verba
566 2068 683 2096 sonant
706 2065 840 2096 domini:
865 2065 904 2095 ‘si
928 2065 998 2106 quis
1023 2074 1074 2095 me
1098 2062 1222 2104 diligit³‚
1247 2062 1361 2103 inquit,

442 2117 565 2148 ‘nostra
589 2117 656 2148 suis
681 2120 773 2148 curet
797 2116 971 2148 discribere
998 2116 1106 2147 munia
1128 2113 1238 2145 fibris³.

392 2177 407 2202 5
445 2179 557 2200 servus
583 2169 667 2200 enim
692 2168 785 2199 factis
810 2168 966 2199 utillimus
992 2178 1062 2198 esse
1087 2166 1250 2208 probatur,

443 2221 470 2252 si
494 2221 581 2262 cupit
605 2221 779 2262 exsequier
802 2220 907 2258 factis,
932 2219 1016 2261 quod
1039 2218 1170 2250 auribus
1194 2217 1311 2248 hausit.

154 2311 311 2346 [l—XIX]
331 2315 358 2338 in
378 2315 410 2338 M
430 2319 453 2340 et
471 2315 574 2347 (omisso
593 2316 641 2347 XI)
667 2314 893 2347 C(‹1ntabriyiensi)
921 2315 959 2346 Gy
981 2317 1002 2343 5,
1025 2316 1058 2339 35
1082 2313 1165 2345 (1567)
1184 2321 1248 2337 saec.
1265 2312 1314 2343 XI,
1340 2312 1387 2344 fol.
1405 2312 1455 2336 378
1474 2310 1582 2342 (qlossas
1601 2308 1646 2332 huc
1665 2308 1692 2331 in

52 2355 133 2380 codice
160 2356 304 2389 adscriptas
333 2357 417 2390 omisi)
503 2359 634 2391 Incipiunt
660 2359 783 2390 dogmata
808 2358 896 2382 Albini
927 2358 958 2382 ad
986 2357 1105 2382 Carolum
1133 2357 1311 2389 imperatorem
1338 2354 1397 2386 (om.
1425 2355 1463 2378 De
1495 2350 1640 2381 dilectione)
1672 2350 1693 2373 U

154 2398 188 2431 [Ι]
226 2399 239 2424 1
259 2404 288 2424 ut
305 2400 342 2429 ill,
362 2410 376 2425 o
397 2400 419 2425 C
511 2401 528 2426 5
546 2405 642 2426 rectum
664 2402 689 2433 G,
708 2405 801 2427 rectam
820 2400 873 2433 (M)
893 2401 949 2425 edd.

154 2449 205 2484 [II]
250 2450 267 2476 2
289 2453 426 2478 Davidicos
450 2462 505 2486 eqo,
529 2454 652 2478 daniticos
676 2454 737 2485 ΜΟ,
763 2453 887 2478 daniticos
905 2453 977 2482 edd„
1000 2453 1138 2477 dominicos
1158 2452 1222 2477 coni.
1238 2451 1392 2475 Lorenzana
1479 2447 1495 2472 4
1514 2446 1634 2471 Inuenias
1654 2445 1691 2475 Μ,

53 2493 169 2518 Inueniet
190 2494 216 2526 C,
235 2496 353 2520 Invenies
372 2496 429 2521 edd.
518 2497 541 2522 5.
561 2496 576 2521 6
595 2497 630 2521 sic
649 2497 675 2521 in
695 2496 728 2521 O.-
754 2497 804 2527 Qui
823 2497 869 2521 tibi
888 2496 1042 2521 mortiferam
1062 2496 1157 2528 pellant
1175 2495 1206 2519 de
1225 2498 1325 2527 pectore
1343 2493 1410 2517 sitim
1429 2499 1527 2523 semper
1545 2494 1570 2514 et
1587 2493 1691 2514 aeterna

53 2536 165 2562 florentia
183 2546 263 2570 regna
280 2539 425 2564 ministrent

155 2587 224 2621 [III]
265 2589 282 2615 4
304 2591 394 2615 Uestra
417 2591 439 2622 (l
467 2595 554 2617 nostra
577 2592 717 2624 suprascr.)
743 2592 765 2616 C
847 2591 989 2616 describere
1013 2598 1119 2615 munera
1140 2590 1163 2620 (J
1189 2589 1277 2614 munia
1298 2586 1440 2619 suprascr.)
1465 2585 1486 2609 C
1578 2583 1593 2608 5
1618 2583 1690 2607 factis

52 2630 148 2655 videtur
166 2640 197 2656 ea:
214 2642 235 2657 v.
251 2635 266 2657 6
284 2634 405 2663 inlatumf
423 2642 516 2666 repone
535 2643 565 2659 ex
575 2644 614 2666 qr.
628 2635 727 2659 cunetis
798 2633 814 2658 6
833 2634 965 2666 exsequeri
980 2633 1001 2658 0
1069 2633 1136 2665 quod
1155 2633 1228 2657 factis
1247 2632 1352 2656 auribus
1367 2630 1425 2659 110,
1443 2637 1508 2653 corr.
1523 2627 1676 2651 Lorenzana

53 2674 118 2704 quod
137 2675 193 2700 fidis
212 2677 318 2701 auribus
338 2676 471 2701 thmmler
539 2679 608 2702 ausit
626 2678 660 2701 ΠΙ

154 2758 205 2792 [ΙΙ]
242 2760 257 2786 6
279 2760 363 2787 Carm.
383 2761 414 2787 de
431 2769 527 2788 resurr.
548 2761 639 2796 (Cypr.
655 2762 760 2788 Harteli
780 2762 831 2787 ΙΙΙ
843 2770 871 2795 12-
883 2763 943 2791 316)
964 2766 1009 2788 190
1027 2770 1135 2794 semper
1155 2759 1283 2787 florentia
1302 2766 1388 2791 regna
1407 2755 1475 2782 caeli

155 2820 222 2855 [111]
258 2820 274 2846 3
293 2821 347 2847 Ioh.
362 2826 400 2855 14,
415 2826 443 2848 15
466 2822 489 2850 si
507 2822 627 2857 diligitis
646 2832 698 2855 me,
718 2823 850 2850 mandata
869 2831 929 2849 mea
948 2822 1056 2849 servate
