2106 3061
355 175 394 202 lv
1077 172 1287 199 PRAEFATIO.

354 260 559 293 Merobaudis
587 260 720 302 coepisse
752 271 772 291 a
798 259 1002 300 Jmnefflsticis
1031 258 1202 290 maioribus
1234 260 1269 289 ut
1300 257 1514 291 Claudianum
1546 258 1692 289 maiorem
1725 267 1814 298 quem
1854 255 2006 294 dicebant,

352 313 550 348 continuasse
572 312 716 343 carmina
738 311 873 351 minora,
896 311 1009 342 exiisse
1031 311 1067 341 in
1085 310 1244 350 prosarie.
1288 309 1371 349 quod
1397 309 1426 340 si
1447 318 1553 340 verum
1574 310 1632 346 est,
1655 310 1761 340 sextus
1778 308 1887 348 potius
1909 317 2006 348 quam

353 363 491 394 decimus
513 363 585 394 olim
608 362 672 401 fuit
694 361 746 394 ille
768 362 848 394 aller
863 362 1036 402 quaternio.
1073 363 1166 401 atque
1181 360 1258 393 adeo
1269 361 1371 401 potuit
1394 360 1428 392 in
1447 360 1582 400 sinqulis
1599 359 1748 400 partibus
1769 359 1890 391 servari
1908 359 2007 391 series

353 417 531 454 ternporum,
553 414 705 445 nimirum
728 416 763 446 ut
787 415 868 446 inter
876 414 1083 455 paneyyricos
1107 412 1157 444 ille
1179 412 1356 453 deperditus
1379 413 1412 444 in
1428 412 1569 452 primum
1584 411 1671 443 Aelii
1685 411 1882 443 consulatum
1905 410 2004 442 locum

352 465 477 497 haberet
506 467 579 497 ante
607 475 675 496 cum
704 475 792 505 quem
821 467 970 503 tenemus,
997 465 1053 505 qui
1082 464 1206 495 tertium
1235 463 1368 495 celebrat
1389 463 1597 500 consulatum,
1624 472 1720 502 aeque
1747 471 1784 494 ae
1809 471 1894 494 nune
1922 462 2006 493 inter

353 516 495 548 camnina
517 516 641 547 minora
660 517 799 556 primum
827 518 855 547 el
877 515 1059 553 seeundum,
1082 524 1161 555 quae
1183 517 1258 545 sunt
1279 525 1309 546 a.
1327 515 1390 545 439
1413 514 1459 546 vel
1481 515 1558 552 440,
1581 514 1728 554 lequntur
1749 515 1822 545 ante
1844 515 2004 554 quartum,

349 567 435 607 quod
452 569 552 607 potest
574 576 638 599 esse
659 578 690 599 a.
707 568 780 605 440,
803 577 992 608 quamquam
1015 577 1078 598 non
1102 576 1176 607 neqo
1199 566 1306 597 merito
1328 566 1471 597 carmina
1493 575 1573 605 quae
1594 567 1669 596 sunt
1689 564 1727 597 de
1749 564 1836 596 domo
1858 564 2004 605 Auyusta

351 618 529 650 antecedere
551 619 695 650 Aetiano.

454 669 551 701 edidit
574 670 725 710 reliquias
747 680 826 710 quas
844 669 1034 702 Merobaudi
1048 669 1216 701 rectissimo
1241 668 1356 700 'iudicio
1376 667 1546 700 vindicavit
1562 668 1689 707 primus
1711 667 1752 699 B.
1772 666 1812 699 G.
1828 666 2006 698 Niebuhr

348 720 398 760 (S.
418 720 509 752 Galli
534 722 644 762 1823),
671 732 764 762 quam
788 721 951 752 editionem
975 731 1060 752 anno
1080 722 1148 761 post
1171 720 1296 751 iteravit
1323 719 1475 758 (Bonnae
1498 718 1606 756 1324),
1636 719 1726 750 cuius
1747 718 1822 750 libri
1842 727 2006 750 censuram

349 773 533 812 conseripsit
562 772 600 804 P.
624 771 710 812 Hos
713 782 797 804 man
827 772 1050 811 Peerlkamp
1077 772 1164 811 (bibl.
1187 772 1255 803 erit.
1283 781 1352 803 nov.
1377 770 1420 802 II
1445 771 1528 801 1826
1550 781 1585 810 p.
1604 768 1807 812 105-111).
1862 769 2006 809 repetivit

350 822 515 855 editionem
544 823 592 855 W.
609 822 649 855 E.
670 822 792 855 Weber
808 826 905 864 (corp.
917 825 998 864 poet.
1017 823 1109 854 latin.
1127 822 1335 861 Francofurli
1358 822 1443 852 1833
1459 832 1493 861 p.
1512 823 1594 853 1367
1603 822 1693 862 sqq),
1717 822 1789 852 item
1811 821 1841 853 I.
1858 820 2006 852 Bekker

355 876 428 906 ante
446 875 615 914 Coi-ippum
630 873 740 914 (C'orp.
751 874 1013 915 Seript.By2ant.
1043 873 1179 906 Bonnae
1195 874 1304 914 1836).
1339 873 1495 914 symbolas
1509 873 1636 905 criticas
1654 872 1687 906 Ο.
1700 872 1758 904 Fr.
1773 872 1812 904 H
1813 872 1921 904 einri
1927 871 2006 904 cliii

352 927 420 958 suis
446 927 563 958 mixtas
585 926 706 966 publici
735 927 817 958 iuris
834 926 911 968 fecit
932 927 990 959 Fr.
1009 926 1047 958 H
1050 927 1083 958 ei
1090 925 1229 957 msoeth
1258 925 1387 966 (Rhein.
1409 924 1496 956 Mus.
1511 926 1541 962 2,
1567 925 1658 962 1843,
1689 924 1752 955 531
1760 925 1871 963 —43)‚
1895 933 2004 964 pauca

350 978 455 1018 attiyit
477 978 515 1009 E.
532 977 735 1010 Baehrens
757 977 888 1018 (Rhein.
904 977 992 1009 Mus.
1008 977 1060 1016 27,
1084 976 1176 1015 1872,
1199 977 1287 1016 225).

453 1029 605 1060 carminis
627 1028 796 1061 christiani
817 1029 985 1061 secundum
1011 1027 1049 1060 G.
1066 1028 1249 1060 Fabricium
1274 1038 1291 1059 e
1315 1027 1397 1059 libro
1420 1028 1551 1069 antiquo
1576 1037 1673 1069 quem
1696 1026 1738 1058 ad
1761 1037 1819 1058 nos
1843 1025 2004 1068 Oporinus

351 1080 438 1111 misit
459 1079 648 1111 Merobaude?
671 1081 748 1111 recte
770 1082 805 1111 ut
827 1079 949 1111 videtur
971 1079 1124 1119 adscripti
1147 1078 1202 1120 (ef.
1223 1079 1310 1118 Jeep,
1334 1078 1395 1110 Rh.
1412 1078 1499 1110 Mus.
1515 1078 1566 1116 23,
1592 1079 1685 1117 1873,
1708 1079 1786 1119 301)
1809 1077 1887 1109 satis
1908 1077 2005 1109 liabeo

352 1131 402 1163 bic
423 1131 516 1163 verba
532 1141 599 1162 eum
615 1131 792 1163 brevissimo
806 1133 965 1171 apparatu
982 1131 1088 1162 critico
1104 1132 1237 1170 repetere
1244 1141 1255 1168 ;
1274 1130 1376 1170 plura
1398 1130 1466 1161 vide
1488 1131 1523 1161 in
1545 1129 1672 1162 Birtii
1697 1129 1875 1162 Claudiano
1896 1128 2002 1169 (Mon.

357 1182 462 1215 Germ.
479 1184 558 1214 auct.
576 1185 642 1214 ant.
659 1182 695 1214 X
708 1193 744 1222 p.
766 1182 910 1215 CLXXI
923 1184 950 1213 et
965 1183 1053 1222 411).
1092 1191 1159 1213 cum
1177 1181 1303 1219 ederem,
1323 1191 1386 1212 non
1401 1191 1515 1212 memor
1529 1191 1616 1212 eram
1631 1180 1675 1212 lh
1686 1181 1735 1212 mi
1744 1181 1767 1219 i,
1790 1181 1845 1221 qui
1868 1179 2004 1212 Pseudo-

353 1233 564 1266 Damasiam's
586 1234 720 1265 vinseruit
743 1236 789 1274 (n.
807 1235 848 1265 69
865 1244 900 1276 p.
918 1235 984 1274 71),
1007 1233 1088 1265 unde
1098 1235 1204 1273 petere
1219 1232 1362 1264 debebam
1381 1232 1527 1264 addenda
1541 1232 1691 1272 exemplis
1706 1232 2001 1271 imitationibusque.

350 1285 389 1316 de
412 1285 476 1316 alio
503 1283 703 1317 Ganwrtiano
725 1285 863 1316 camnine
893 1284 975 1324 quod
998 1284 1186 1316 Blerobaudi
1211 1284 1300 1315 nullo
1330 1285 1397 1316 iure
1422 1283 1618 1323 imputabant
1639 1294 1665 1315 v.
1682 1283 1759 1315 Birt
1777 1294 1810 1324 p.
1831 1282 2001 1315 CLXXII.
