2106 3061
770 176 803 202 ΙΙ.
840 177 954 204 INDEX
974 179 1180 207 VERBORVM.
1729 192 1790 221 429

187 259 219 282 52
237 264 340 289 perque
364 264 426 281 suas
451 256 540 289 proles
560 257 635 291 regia
655 259 718 284 vota
737 268 842 287 canam.
885 262 949 289 V59

188 291 254 315 vota
284 290 392 316 clientis
423 298 503 316 ausus
540 291 648 318 habere.
702 293 761 318 VII
783 298 798 320 9
833 297 948 328 prodere

187 324 318 358 gestirem
328 332 399 357 quae
410 333 482 350 nune
492 333 540 358 per
550 327 615 351 vota
628 329 768 358 geruntur.
788 329 839 354 IX
848 334 891 356 195
901 331 948 356 ad-

187 358 286 384 sciscat
297 379 302 384 .
314 379 319 384 .
331 379 336 384 .
349 360 413 384 vota
424 359 554 392 parentis.
582 359 626 385 Or.
637 363 652 386 3
665 361 843 388 lamentabile
854 366 947 390 votum

189 392 365 419 Cassandrae.
435 393 453 419 i.
467 401 490 425 (ι.
506 394 661 425 nuptiae:
679 395 739 421 713
748 397 867 423 cantatis
883 398 947 424 dum

186 427 258 453 votis
278 427 400 452 carmina
418 427 525 453 vestris.
561 430 593 453 32
612 432 724 455 cantare
742 432 803 456 tuos
823 440 870 464 per
883 434 948 458 vota

186 461 351 495 triumphos,
376 460 473 486 Venus.
510 465 555 487 121
573 461 691 495 pignora
709 465 799 497 (subi.)
818 485 823 491 .
839 487 843 492 .
859 487 864 492 .
883 469 948 493 vota,

185 495 325 521 celebrent
350 494 429 528 (VII
444 499 490 521 157
509 495 646 522 elementa
674 499 706 522 ut
726 506 750 523 v.
772 501 813 530 c.).
862 500 922 526 VII
935 505 950 526 7

185 530 298 556 Vitulae
317 537 442 555 canerem
460 530 556 555 taedas
576 538 626 563 per
639 533 702 557 vota
717 532 853 560 Iohannis.
890 535 951 561 VII

184 567 218 590 62
239 564 389 590 comitante
412 563 464 589 dea.
487 572 536 597 per
560 566 625 590 vota
643 565 776 593 Minerva.
822 571 868 594 138
887 571 948 602 post

185 599 252 624 haec
265 600 339 625 vota.
376 597 405 623 X
414 601 464 624 288
476 606 634 631 sponsorum
646 601 711 625 vota
724 603 866 633 geruntur.
896 606 947 629 382

184 632 299 658 veniant
318 632 352 658 ad
371 634 437 658 vota
455 632 544 658 duces.
580 637 633 659 449
652 633 753 660 Thebis
772 636 872 662 iterum
892 637 946 663 iam

183 669 250 692 vota
268 668 410 700 geruntur.

149 701 222 734 vox]
250 707 271 733 1,
284 704 332 727 251
359 709 425 726 voce
445 709 545 726 canora
568 700 626 733 (Or.
641 710 686 727 ars
704 706 726 734 3,
741 704 804 736 311).
848 704 949 731 VII97

184 736 234 761 sub
260 744 325 762 voce
349 743 456 761 canora.
493 739 514 767 1,
530 738 582 761 244
604 736 695 762 varias
720 737 841 763 fundunt
859 747 945 765 voces.

183 773 231 796 258
249 770 339 795 varias
353 769 484 796 decantat
503 790 527 796 ..
543 790 549 796 .
568 778 655 797 voces,
691 774 744 796 346
762 780 855 798 vocem
875 782 946 799 eom-

183 813 256 838 pago
276 804 360 831 dedit.
403 807 453 830 533
470 812 537 830 voce
556 806 666 831 reatus.
681 825 687 830 .
702 826 707 830 .
720 805 832 832 fatetur.
867 811 889 837 2,
900 811 947 833 666

182 839 292 864 veniam
311 838 444 872 sceleri(s)
467 838 593 871 (celerem
612 838 645 870 G)
664 840 713 865 sub
734 849 800 866 voce
819 843 945 868 meretur.

185 876 230 899 730
248 872 369 898 medelas
389 892 394 898 .
409 893 414 899 .
430 893 435 898 .
455 872 553 906 culpae
572 873 622 898 sub
635 881 701 899 voce
714 875 824 907 requiri.
863 879 886 908 2,
897 880 945 902 615

182 907 241 933 sine
252 915 318 933 voce
328 908 442 940 rogatus
452 906 544 939 (V261
555 907 613 933 sine
624 916 689 934 voce
701 909 847 942 rogantis).
866 914 888 942 2,
896 914 946 936 668

183 950 249 967 voce
262 943 384 967 vocatur.
426 940 470 967 Or.
482 944 530 967 697
546 942 668 967 tremunt
686 942 745 968 sine
759 944 871 969 vocibus
884 945 945 970 oris.

181 978 231 1001 sat.
242 979 290 1002 194
304 975 416 1002 vocibus
429 975 588 1002 innumeris.
620 980 666 1002 195
679 985 731 1002 vox
742 997 748 1003 .
760 997 765 1003 .
777 998 782 1004 .
792 978 944 1005 ‘dominus'.

182 1010 315 1036 VIII327
331 1009 466 1036 submissa
490 1018 555 1035 voce
574 1012 699 1042 profatur
717 1012 762 1044 (ef.
775 1013 860 1046 nota).
896 1017 946 1040 609

184 1046 295 1070 tantum
314 1052 380 1070 voce
400 1043 519 1069 dolebat.
560 1043 604 1070 Or.
617 1048 648 1071 65
671 1047 745 1072 vocis
764 1046 817 1072 iter
836 1047 887 1079 (itu
901 1049 944 1080 B).

147 1079 238 1112 urax]
257 1086 307 1104 ros.
321 1082 352 1104 12
369 1078 518 1112 u[e]racem
537 1078 653 1112 spinam.

147 1113 235 1146 urbs]
255 1112 322 1139 Mer.
336 1120 356 1139 c.
369 1117 393 1143 4,
408 1115 442 1138 37
458 1112 586 1138 dominae
606 1134 610 1139 .
625 1133 631 1139 .
645 1134 651 1140 .
667 1113 742 1140 Vrbi.
777 1123 851 1148 pros.
865 1120 878 1141 1
892 1116 919 1141 B
929 1119 946 1142 3

181 1147 251 1173 situs
270 1147 389 1173 urbium.
422 1149 491 1179 poet.
504 1150 538 1172 22
557 1147 680 1174 urbibus.
711 1152 744 1175 34
758 1149 868 1176 Vrbem.
899 1154 945 1176 194

181 1181 306 1207 condidit
325 1181 415 1207 urbes.
446 1181 532 1207 Drae.
544 1185 567 1212 2,
577 1185 627 1208 306
640 1183 765 1209 conditor
779 1183 859 1210 Vrbis
873 1184 945 1215 (orb-

181 1215 269 1249 trad).
305 1219 327 1248 3,
341 1218 390 1242 350
404 1224 459 1242 non
473 1216 608 1242 inmemor
620 1216 710 1242 Vrbis.
746 1222 790 1243 511
808 1218 943 1244 infernam

202 1271 208 1277 ,
222 1270 228 1276 .
247 1250 282 1276 ad
301 1251 397 1276 urbem
411 1250 523 1282 (undam
532 1250 553 1283 .9)
566 1251 583 1276 i.
600 1251 752 1277 Tartarmn.
783 1252 863 1279 V297
875 1253 945 1279 Vrbs

180 1286 269 1311 mater
287 1293 343 1311 reon
361 1285 457 1311 Roma.

145 1319 278 1353 urceus]
306 1319 421 1345 Braulio
444 1319 519 1352 epist.
538 1322 562 1351 2,
576 1323 607 1345 14
631 1319 695 1345 dum
721 1329 832 1346 urceum
855 1321 944 1348 faeere

180 1354 262 1385 nitor,
283 1354 443 1387 amphoram
462 1353 543 1379 finxit
561 1362 667 1380 manus.
701 1354 783 1380 Talus
796 1356 867 1388 epist.
881 1361 905 1387 4,
916 1361 945 1382 15

178 1395 237 1413 cum
249 1391 314 1414 nota
328 1387 363 1413 acl
377 1396 407 1421 p.
420 1391 480 1420 290,
490 1391 526 1414 12.
579 1388 739 1419 notandum,
760 1390 832 1422 quod
844 1390 944 1416 Horati

178 1430 280 1448 versum
302 1423 333 1448 in
352 1422 405 1454 fine
430 1422 556 1455 epistulae
578 1422 663 1454 adfert
685 1423 738 1448 iam
757 1424 846 1450 Sidon.
870 1426 943 1457 epist.

180 1460 195 1482 9
215 1460 252 1489 16,
267 1461 290 1482 4.

144 1477 263 1525 ungreo]
291 1491 358 1517 Mer.
374 1493 445 1525 poet.
462 1495 506 1517 171
531 1492 620 1524 urget.
657 1491 739 1517 Dran.
758 1497 779 1524 1,
788 1496 836 1519 510
854 1493 876 1518 si
896 1514 902 1519 .
917 1514 922 1519 .
937 1514 943 1520 .

180 1534 278 1551 saxeus
301 1527 401 1559 urgeat
419 1525 519 1556 imber,
545 1533 600 1551 non
625 1526 696 1552 latet
714 1527 858 1560 agricolas.
896 1532 943 1554 601

180 1560 295 1593 spiritus
315 1581 320 1586 .
335 1581 339 1586 .
354 1580 360 1586 .
380 1559 473 1586 omnia
492 1579 498 1585 .
513 1580 518 1586 .
532 1580 538 1585 .
558 1559 650 1593 agitat
663 1560 738 1586 fovet
751 1561 849 1587 inserit
862 1564 944 1595 urget

179 1596 225 1628 (cf.
239 1598 262 1626 2,
272 1594 323 1627 39).
359 1597 441 1626 2,478
464 1594 571 1620 facinus
594 1615 600 1620 .
614 1614 640 1620 ..
660 1597 761 1627 urguet
783 1599 942 1629 peccatores

179 1629 256 1654 VIII
264 1632 314 1655 535
332 1628 384 1654 hoc
401 1637 464 1654 nam
485 1628 544 1654 fata
563 1628 661 1655 iubent
680 1630 723 1655 vel
743 1638 791 1656 nos
811 1631 861 1656 hoc
881 1631 943 1664 lup-

179 1663 253 1696 piter
266 1664 374 1696 urguet.
405 1663 489 1689 X180
499 1665 655 1696 urguetque
668 1664 816 1691 minist-ros.
845 1664 888 1691 Or.
897 1669 943 1691 941

179 1699 295 1723 mortem
314 1705 422 1723 russeus
441 1700 542 1731 urguet
559 1698 677 1723 calculus
689 1699 706 1724 i.
719 1699 846 1725 minatur.
893 1708 942 1732 seq.

178 1734 222 1758 ut:
250 1731 294 1758 Or.
307 1735 353 1758 675
370 1732 484 1758 monitis
508 1732 672 1765 urgentibus
692 1741 797 1764 omnes.
817 1735 856 1759 ut.
902 1738 943 1760 751

177 1766 246 1792 haec
258 1766 327 1792 mihi
339 1766 458 1799 Pylades
472 1774 547 1792 meus
561 1767 681 1800 imperat
700 1769 728 1793 et
745 1776 820 1794 soror
833 1770 941 1801 urguet,

177 1802 216 1826 ut.
271 1808 322 1833 seq.
341 1801 406 1834 iuss
434 1805 455 1832 1,
468 1804 522 1827 262.
543 1804 566 1832 3,
581 1805 633 1827 458
651 1803 733 1835 urget
752 1803 780 1828 et
806 1802 941 1829 hortatur.

143 1835 237 1868 urna]
258 1835 349 1860 11124
367 1843 464 1861 urnam
484 1855 489 1860 .
505 1855 510 1860 .
525 1855 530 1861 .
549 1835 672 1862 tenebat.
707 1840 755 1862 127
770 1845 865 1862 urnam
880 1837 942 1862 sub-

177 1869 254 1895 misit
277 1869 366 1902 aquis.
410 1869 460 1895 IX
479 1873 512 1895 27
534 1878 626 1896 urnas.
662 1874 694 1896 29
720 1879 789 1896 urna
816 1871 942 1904 polorum

176 1904 275 1929 caelum
294 1904 372 1936 quasi
385 1912 466 1930 urna.
497 1907 527 1930 81
541 1904 576 1929 ad
589 1904 686 1930 Persas
705 1926 711 1931 .
726 1925 732 1931 .
746 1925 751 1930 .
772 1906 850 1931 nulla
862 1905 942 1931 detur

177 1938 243 1964 licet
268 1939 373 1964 ossibus
399 1946 475 1964 urna.
512 1942 560 1964 129
582 1939 698 1964 Aeacum
726 1940 784 1965 vita
810 1940 857 1973 pia
879 1949 941 1973 pro-

176 1972 265 1998 movit
284 1972 320 1998 ad.
339 1981 445 1999 urnam.
483 1975 526 1998 131
545 1972 578 1998 ad
593 1981 690 1999 urnam
705 1974 835 2000 advenies
848 1975 940 2000 Aeaci.

181 2006 225 2033 Or.
243 2010 294 2033 448
321 2007 439 2040 pertulit
464 2015 533 2032 urna
552 2007 629 2033 duos
665 2008 737 2042 Euy.
751 2016 770 2034 c.
784 2013 805 2040 1,
817 2012 846 2034 21
866 2017 941 2034 cum-

176 2049 230 2074 que
249 2049 376 2075 suprema
396 2041 454 2067 dies
473 2041 570 2068 mortis
590 2042 754 2075 patefecerit
773 2052 878 2069 urnam.

141 2075 214 2108 uro]
237 2076 307 2102 Mer.
323 2078 393 2108 poet.
412 2079 458 2102 193
481 2084 531 2102 nec
558 2096 564 2102 .
578 2095 603 2102 ..
631 2077 688 2102 urit
708 2077 821 2103 Titania
845 2079 939 2103 terras.

174 2109 257 2136 Drae.
272 2113 295 2142 3,
307 2113 353 2136 165
371 2119 427 2143 qua
446 2110 587 2136 flammeus
600 2111 657 2137 urit
669 2112 715 2137 sol.
752 2115 775 2143 3,
789 2115 838 2137 622
851 2111 940 2137 acrius

174 2144 217 2170 uri
245 2144 263 2171 i.
284 2145 390 2177 puniri.
436 2144 519 2170 1136
546 2145 658 2178 ignibus
686 2147 761 2172 ustos
790 2146 848 2179 (Or.
871 2148 938 2179 442).

175 2179 214 2204 II
222 2182 253 2204 62
271 2187 339 2212 quas
358 2187 406 2205 ure
425 2179 536 2212 sagittis
555 2181 645 2206 Amor.

140 2213 248 2246 ursus]
267 2216 291 2245 2,
305 2216 352 2240 265
370 2214 500 2239 informes
526 2215 582 2240 ursi
606 2215 635 2240 in
653 2213 794 2246 medicina,
813 2214 847 2245 cf.
866 2214 939 2240 Plvin.

173 2250 231 2273 nat.
250 2251 274 2280 3,
288 2251 340 2274 127.
381 2248 463 2275 Drac.
483 2251 505 2280 2,
516 2251 564 2274 386
582 2251 698 2275 venator
721 2250 749 2274 et
775 2257 860 2274 ursus.
902 2249 942 2274 17

174 2281 251 2307 mitis
269 2290 348 2307 ursus
366 2282 466 2308 adfuit.
505 2282 600 2309 X405
618 2292 697 2309 ursus
716 2291 812 2308 cervus
830 2291 905 2316 aper.

141 2316 306 2350 usitatus]
327 2316 394 2342 Mer.
404 2324 475 2349 pros.
489 2320 505 2342 2
516 2317 543 2342 A
556 2321 585 2343 11
608 2318 668 2343 laus
687 2317 782 2350 aliqua
800 2317 940 2350 usit(a)ta.

140 2358 177 2376 us
190 2350 265 2383 que]
292 2351 363 2377 Mer.
383 2359 451 2383 pros.
474 2354 489 2376 2
505 2351 531 2377 B
550 2356 564 2378 7
586 2352 701 2378 Salonas
722 2360 817 2384 usque.
859 2351 939 2377 Drac.

178 2387 202 2416 2,
217 2388 264 2410 127
285 2393 372 2418 usque
397 2385 441 2411 dei
464 2385 553 2411 iussus
579 2387 642 2418 (vis-
663 2385 736 2417 cod.).
781 2389 825 2411 718
855 2393 940 2418 usque

176 2421 315 2445 senectam
339 2420 376 2452 (3,
392 2423 444 2445 724.
468 2423 518 2446 sat.
537 2424 584 2446 221
607 2420 701 2453 procul
725 2429 751 2446 u.
775 2420 814 2449 3.).
856 2423 878 2451 3,
893 2423 939 2445 591

175 2461 263 2486 usque
282 2453 402 2479 animam
425 2455 501 2480 venit
514 2455 588 2480 unda
601 2463 698 2480 meam.
735 2454 771 2479 II
779 2458 811 2480 84
829 2453 937 2487 (usque)

175 2487 267 2520 pedes.
307 2487 352 2514 Or.
368 2492 414 2514 787
431 2489 552 2514 tunicam
573 2489 706 2515 tendebat
724 2488 758 2513 ad
772 2488 840 2514 imos
853 2496 939 2521 usque

176 2521 268 2554 pedes.
303 2525 352 2548 365
371 2531 474 2548 mersus
493 2523 528 2549 ad
548 2532 633 2556 usque
653 2524 744 2556 caput.

139 2556 253 2590 usura]
276 2559 300 2587 3,
312 2559 343 2583 33
368 2565 451 2582 usura
474 2560 632 2591 praestatur
651 2557 720 2583 edax
738 2557 833 2589 [τηρεε.
869 2555 937 2589 Euy.

173 2598 195 2616 c.
211 2598 272 2623 app.
286 2594 325 2622 23,
336 2595 351 2617 5
369 2591 479 2617 deditus
498 2612 504 2618 .
520 2612 524 2617 .
539 2613 543 2618 .
563 2592 653 2618 fisuris
671 2591 796 2618 terrenis.

139 2624 231 2657 usus]
254 2624 325 2651 Mer.
338 2633 413 2658 pros.
432 2630 445 2652 1
459 2627 482 2651 A
499 2629 532 2652 20
550 2627 597 2659 qui
618 2626 679 2651 aliis
702 2626 866 2659 procinctus,
885 2624 937 2650 tibi

174 2667 238 2684 usus
258 2661 308 2686 est.
343 2659 425 2686 Drac.
439 2665 460 2691 1,
471 2663 522 2686 262
540 2669 600 2686 aves
625 2668 738 2686 vernare
758 2680 763 2686 .
778 2680 782 2685 .
798 2680 803 2686 .
823 2659 851 2684 in
874 2668 937 2684 usus

176 2692 307 2726 pigneris.
343 2698 396 2720 447
412 2694 512 2728 quibus
531 2695 623 2721 omnia
642 2695 722 2720 iussit
741 2694 776 2719 ad
795 2702 858 2719 usus
878 2700 936 2732 esse.

173 2730 223 2753 580
236 2727 331 2754 usibus
344 2728 471 2754 humanis
488 2729 554 2754 data
574 2731 637 2755 sunt
650 2729 716 2754 haec
731 2730 830 2754 cuncta
844 2735 937 2753 venire

174 2761 259 2794 (Mar.
282 2762 348 2789 Via-t.
367 2763 442 2789 aleth.
463 2767 483 2795 1,
502 2766 561 2789 302.
592 2763 670 2789 Anth.
691 2763 735 2788 lat.
755 2766 808 2793 196,
825 2766 847 2788 6.
878 2762 935 2787 Alc.

1034 264 1105 290 Avit.
1124 273 1144 291 e.
1165 270 1186 297 1,
1201 270 1254 292 142.
1285 267 1413 294 Aldhelm.
1433 270 1504 296 land.
1528 271 1592 304 πίνῃ.
1614 276 1682 299 2691.
1712 273 1791 299 Beda

1034 298 1121 332 hymn.
1135 299 1165 325 de
1183 300 1269 327 celebr.
1283 304 1358 334 temp.
1381 305 1425 336 71).
1462 308 1484 336 2,
1499 308 1545 331 284
1565 315 1633 338 quos
1652 327 1657 332 .
1672 327 1677 333 .
1692 328 1698 333 .
1717 309 1791 341 eapi-

1035 334 1117 358 antur
1135 334 1170 359 ad
1189 343 1260 360 usus,
1291 339 1341 361 307
1357 337 1484 363 miserum
1504 359 1508 365 .
1523 359 1528 364 .
1543 359 1548 365 .
1569 341 1644 366 venit
1662 341 1690 366 in
1704 351 1790 368 usum.

1034 370 1081 404 312
1099 367 1191 405 qlulces
1211 369 1287 394 venit
1305 371 1333 395 in
1352 379 1424 397 usus.
1454 376 1504 398 406
1522 382 1556 399 ne
1574 375 1699 407 perderet
1712 385 1790 402 usum

1036 402 1156 438 criminis
1176 402 1300 429 inluvies.
1337 407 1384 430 473
1402 407 1520 438 corporis
1540 417 1602 433 usus
1616 409 1715 443 (sivla).
1745 414 1792 436 545

1034 435 1171 472 redituras
1190 437 1258 462 lucis
1277 438 1311 463 ad
1326 447 1396 464 usus.
1435 444 1476 465 781
1495 442 1567 474 quod
1586 443 1680 469 divitis
1698 444 1791 470 usibus

1035 468 1121 495 addit.
1165 473 1188 501 3,
1210 474 1251 496 714
1280 472 1372 497 usibus
1401 474 1497 499 officiis
1526 478 1657 508 aptantur
1684 480 1790 504 cuncta.

1036 502 1080 527 Or.
1100 507 1143 529 176
1166 504 1308 537 sanguinis
1336 515 1395 532 usu.
1438 512 1484 534 974
1512 518 1589 535 usum
1617 511 1724 537 sceleris
1743 532 1749 538 .
1764 533 1769 539 .
1784 533 1790 539 .

1034 539 1125 562 arcete
1145 538 1274 571 Pelasgis.

1001 570 1049 603 ut]
1069 571 1099 609 {n
1117 573 1326 604 comparatione:
1352 575 1421 601 Mer.
1440 584 1460 602 c.
1480 581 1502 608 4,
1516 580 1543 602 19
1559 586 1630 610 pros.
1650 583 1662 604 1
1681 580 1705 604 A
1725 583 1740 606 3
1759 582 1790 606 ut

1034 613 1082 637 qui
1101 606 1178 632 scias.
1209 611 1222 632 1
1235 608 1260 632 B
1273 611 1304 633 22
1322 610 1353 634 ut
1371 610 1402 635 si.
1437 614 1453 635 2
1466 611 1492 636 Β
1506 615 1533 636 19
1552 613 1583 637 ut
1601 613 1678 638 solet.
1708 614 1788 641 Drac.

1033 641 1056 670 3,
1070 643 1123 665 514.
1141 644 1194 666 521.
1213 641 1287 667 1166
1305 645 1336 668 ut
1354 663 1359 669 .
1375 663 1399 669 ..
1418 643 1456 669 sic
1470 645 1546 677 quasi
1558 646 1589 671 ‘et
1608 666 1614 672 .
1628 667 1633 672 .
1648 667 1653 672 .
1673 647 1713 673 et'.
1746 648 1789 675 Or.

1035 677 1085 699 117.
1106 677 1163 699 821.
1182 678 1204 705 2,
1219 679 1264 701 143
1283 678 1313 701 ut
1335 678 1402 709 quid
1421 678 1558 705 miremur.
1609 682 1702 712 finale:
1722 682 1788 708 Mer.

1034 714 1054 732 c.
1070 712 1093 739 4,
1104 711 1142 733 36.
1213 713 1356 736 οοηεεστιί.;
1380 712 1448 738 Mer.
1463 721 1536 746 pros.
1555 718 1570 739 2
1583 714 1609 739 Β
1623 718 1654 740 13
1672 724 1726 741 non
1746 724 1790 741 ex-

1034 742 1143 774 pectavi
1167 744 1206 768 ut.
1241 743 1323 771 Drae.
1344 749 1367 777 3,
1381 750 1436 772 557.
1502 751 1563 779 post
1582 749 1655 773 rerba
1672 750 1790 776 insolite:

1033 776 1066 804 cf.
1094 776 1204 815 adopto.
1235 778 1321 804 decet.
1346 779 1434 806 iubeo.
1458 783 1529 807 veto.
1551 783 1673 810 ostendo.
1695 784 1788 817 pudet.

1067 818 1250 837 concessurum:
1284 813 1367 839 Drac.
1396 818 1418 846 2,
1439 818 1494 841 282.
1526 819 1572 842 298
1605 817 1652 849 (cf.
1683 818 1790 844 utinam

1032 846 1097 876 321).
1133 846 1281 877 temporale:
1308 848 1373 874 Mer.
1389 856 1460 880 pros.
1480 853 1495 874 2
1512 850 1539 875 Β
1555 854 1584 876 12
1602 853 1633 876 ut
1653 872 1658 876 .
1673 875 1678 880 ,
1693 872 1698 878 .
1717 861 1789 878 com-

1033 878 1113 910 perit.
1152 882 1220 911 poet.
1238 884 1290 907 121.
1315 882 1398 908 Drac.
1416 886 1438 914 2,
1449 886 1498 908 207
1515 884 1624 910 iusseris
1643 888 1680 912 ut.
1717 887 1751 912 11
1764 891 1793 912 77

1033 916 1064 950 ut
1078 913 1170 939 venit.
1182 933 1188 939 .
1199 933 1205 939 .
1215 934 1222 946 ,
1236 915 1358 947 proiecit.
1392 916 1526 944 VIII574.
1543 918 1635 945 X549.
1677 919 1708 946 de
1717 921 1789 953 posi-

1032 949 1114 972 tzone:
1134 951 1154 978 1,
1170 951 1214 973 722
1233 949 1340 975 noverit
1357 952 1395 976 ut.
1432 955 1454 983 2,
1468 955 1517 977 207
1538 952 1647 979 iusseris
1665 956 1704 980 ut.
1739 958 1788 981 sat.

1031 984 1061 1006 51
1079 981 1123 1006 avi
1143 983 1181 1007 ut.
1217 985 1265 1009 sat.
1277 987 1326 1009 123
1345 985 1444 1017 puniat
1462 988 1493 1011 ut
1511 986 1547 1012 sit
1566 988 1638 1019 quod
1657 988 1788 1020 Christus.

1033 1018 1080 1040 126
1097 1016 1208 1046 fortasse
1225 1017 1464 1050 interprmyendum
1477 1020 1553 1046 vivat
1571 1023 1609 1051 ut,
1629 1022 1686 1055 ipse
1699 1023 1788 1053 iubes;

1031 1049 1064 1087 cf.
1078 1049 1160 1087 ᾼπίῘι.
1172 1051 1216 1075 lat.
1227 1054 1265 1082 21,
1275 1055 1306 1077 36
1318 1054 1399 1078 natus
1413 1055 1451 1083 ut,
1465 1053 1589 1087 ignotum
1604 1058 1652 1082 est.
1686 1056 1729 1083 Or.
1739 1061 1790 1083 870

1032 1083 1105 1109 vidit
1124 1086 1162 1116 ut,
1183 1087 1305 1111 armatur
1317 1087 1399 1119 quod.
1451 1087 1519 1114 dicae
1538 1089 1654 1115 diversae
1668 1091 1788 1122 particu-

1032 1117 1072 1142 lae
1091 1118 1120 1142 in
1137 1118 1226 1144 eadem
1241 1121 1363 1152 periodo:
1384 1124 1406 1153 2,
1420 1125 1470 1147 284
1480 1130 1514 1155 sq.
1533 1126 1581 1149 sal.
1595 1128 1698 1150 21—26.

998 1152 1086 1185 uter]
1114 1155 1137 1183 3,
1150 1157 1196 1179 505
1216 1153 1278 1187 Cyri
1297 1156 1381 1187 caput
1401 1175 1406 1181 .
1421 1176 1426 1181 .
1440 1176 1446 1181 .
1465 1157 1563 1182 clausit
1581 1158 1608 1183 in
1629 1160 1688 1184 utre
1702 1168 1787 1186 cruor.

998 1187 1122 1219 uterqu
1130 1188 1153 1219 e]
1174 1187 1242 1214 Mer.
1260 1197 1281 1214 c.
1300 1193 1320 1219 1,
1334 1192 1349 1214 2
1367 1198 1445 1215 sexus
1465 1192 1580 1224 uterque
1596 1192 1691 1224 (Drae.
1704 1197 1727 1225 2,
1736 1198 1789 1220 802

1032 1220 1105 1245 VIII
1115 1224 1153 1247 53.
1172 1223 1236 1252 599).
1283 1223 1366 1250 Drae.
1386 1227 1408 1255 2,
1421 1228 1468 1250 641
1486 1226 1596 1258 utrique
1615 1227 1728 1260 (ubique
1749 1229 1787 1261 C).

1033 1257 1056 1286 3,
1068 1258 1115 1280 190
1128 1257 1244 1289 utroque
1258 1257 1345 1283 leone.
1388 1258 1467 1284 VI5O
1480 1268 1579 1292 sponsa
1592 1281 1598 1286 .
1611 1281 1616 1286 .
1628 1281 1633 1286 .
1646 1262 1786 1295 utra(que)

1031 1290 1130 1327 (nom).
1175 1290 1250 1316 VIII
1259 1294 1290 1316 22
1309 1293 1424 1325 uterque
1450 1313 1455 1318 .
1474 1314 1479 1318 .
1498 1314 1503 1319 .
1529 1294 1698 1328 Musagenes.
1741 1300 1788 1322 114

1031 1324 1150 1356 utrique.
1199 1329 1246 1351 182
1269 1327 1392 1359 uterque.
1442 1326 1485 1353 Or.
1507 1331 1554 1353 299
1578 1330 1701 1362 uterque.
1745 1334 1788 1357 759

1031 1358 1133 1384 mixtus
1146 1360 1263 1392 uterque
1281 1368 1366 1386 eruor.
1404 1364 1453 1387 943
1466 1361 1576 1395 utrique
1589 1364 1669 1396 (qen.)
1682 1365 1787 1391 coloris.

997 1392 1125 1430 uteru's]
1146 1396 1168 1425 2,
1183 1397 1230 1419 125
1243 1394 1325 1420 simul
1339 1403 1371 1420 ex
1385 1396 1462 1421 utero
1477 1397 1580 1423 matris.
1616 1402 1664 1424 649
1678 1400 1785 1424 uterum

1031 1434 1154 1452 crewsse.

996 1460 1115 1494 utilis]
1137 1465 1157 1493 1,
1167 1465 1213 1487 276
1225 1470 1307 1495 pecus
1321 1462 1390 1488 utile
1403 1463 1468 1489 belli
1487 1464 1529 1496 (cfi
1543 1467 1624 1497 nota).
1677 1467 1786 1499 super-L:

1030 1494 1166 1521 utillimus
1184 1495 1255 1529 Euy.
1274 1504 1293 1522 c.
1313 1505 1376 1529 app.
1395 1500 1417 1527 3,
1431 1502 1452 1523 5.

995 1529 1141 1562 utinam]
1162 1533 1184 1561 2,
1193 1533 1239 1556 321
1252 1531 1295 1561 (ef.
1309 1533 1340 1556 ut
1353 1534 1420 1564 282).
1457 1532 1529 1557 VIII
1537 1537 1569 1558 44
1582 1535 1665 1566 atque
1679 1534 1786 1560 utinam

1030 1564 1073 1596 (X
1081 1567 1139 1589 208.
1161 1564 1205 1590 Or.
1217 1566 1286 1597 344).
1325 1565 1368 1591 Or.
1382 1570 1423 1591 771
1437 1566 1670 1599 Clytaemestram,
1685 1571 1785 1595 matro-

1029 1606 1092 1624 nam
1110 1599 1182 1631 regis
1194 1599 1282 1632 Egisti
1295 1601 1380 1632 atque
1393 1600 1511 1632 (utinam
1526 1603 1604 1634 non!)
1624 1604 1688 1628 ante
1701 1605 1786 1629 tuam.

995 1633 1081 1665 utor]
1111 1632 1155 1658 Or.
1178 1636 1226 1659 627
1248 1633 1289 1659 usi
1317 1634 1432 1660 callibus
1464 1635 1586 1661 occultis.
1633 1640 1680 1662 642
1703 1638 1786 1663 nullis

1030 1666 1143 1693 vocibus
1162 1667 1212 1693 usi.

996 1701 1072 1760 uva}
1092 1705 1170 1732 1,174
1189 1701 1372 1734 pendentibus
1392 1702 1452 1728 uvis
1471 1703 1577 1735 (1117).

996 1736 1051 1761 uvi
1074 1736 1114 1767 er]
1141 1740 1162 1767 1,
1176 1739 1223 1762 629
1245 1736 1367 1762 uviferae
1385 1737 1458 1763 vitis.
1502 1737 1542 1763 VI
1551 1741 1583 1764 68
1602 1738 1720 1764 uviferos
1740 1758 1766 1765 ..
1779 1760 1785 1765 .

1029 1770 1060 1796 th
1083 1778 1146 1795 rsos.

996 1778 1108 1837 vulgo]
1130 1804 1165 1829 II
1174 1807 1217 1829 116
1239 1805 1281 1830 tot
1304 1804 1390 1837 signis
1415 1805 1545 1838 vulgatur
1563 1814 1646 1834 amor.
1689 1806 1786 1833 71116

1030 1839 1170 1871 vulgarem
1186 1838 1258 1871 quia.
1301 1838 1372 1864 VIII
1381 1842 1412 1865 29
1425 1840 1546 1873 vulgate,
1561 1860 1566 1866 .
1581 1860 1586 1866 .
1601 1861 1606 1866 .
1620 1849 1690 1873 quae
1704 1850 1785 1867 causa

1030 1893 1036 1898 .
1050 1893 1055 1898 .
1069 1893 1074 1898 .
1095 1873 1170 1898 fecit.
1205 1876 1252 1898 501
1264 1873 1336 1898 color
1354 1874 1531 1900 manifestum
1545 1875 1642 1908 vulgat
1656 1883 1784 1901 amorem.

1031 1907 1060 1932 X
1073 1911 1086 1932 1
1105 1908 1220 1939 vulgare
1240 1907 1324 1933 nefas.

995 1941 1126 1974 vulgus]
1142 1941 1210 1967 Mer.
1220 1944 1287 1973 poet.
1298 1945 1342 1967 161
1355 1949 1409 1966 non
1422 1941 1545 1974 ignobile
1560 1942 1662 1976 (factis)
1677 1944 1784 1976 vulgus.

996 1976 1130 2008 vulnus]
1145 1975 1213 2001 Mer.
1228 1983 1300 2008 pros.
1315 1980 1327 2001 1
1341 1975 1368 2001 B
1380 1979 1413 2002 23
1427 1976 1546 2002 vulnera.
1582 1977 1664 2004 Drac.
1681 1978 1728 2003 IX
1738 1982 1785 2004 178

1029 2010 1143 2035 vulnera
1161 2009 1225 2035 ferri
1243 2009 1301 2042 (Or.
1321 2012 1387 2043 405).
1429 2010 1473 2036 Or.
1487 2014 1533 2036 831
1552 2011 1666 2044 pietatis
1685 2012 1783 2038 vulnus

1029 2044 1164 2069 acerbum.

995 2077 1184 2112 vulpecula]
1204 2077 1277 2110 Euy.
1296 2085 1317 2103 c.
1335 2082 1400 2110 41,4
1419 2078 1491 2111 quod
1513 2078 1658 2111 vulpecula
1676 2080 1783 2112 gannit.

995 2113 1122 2146 vulpes]
1147 2112 1261 2138 VIII24
1279 2112 1410 2145 reliquias
1429 2112 1547 2145 praedae
1561 2114 1656 2146 vulpes
1675 2122 1783 2147 sperare

1028 2147 1147 2172 leonum.
1184 2146 1254 2180 Euy.
1273 2153 1293 2172 c.
1312 2149 1396 2174 20.18
1416 2146 1553 2179 vulpibus.

994 2181 1123 2214 vultur]
1145 2185 1164 2213 1,
1181 2184 1228 2206 722
1246 2181 1354 2206 noverit
1373 2182 1404 2206 ut
1424 2181 1524 2212 vultur,
1544 2189 1598 2214 qua
1617 2182 1654 2208 sit
1672 2182 1783 2216 regione

1028 2215 1152 2241 cadaver.
1189 2217 1237 2240 sat.
1254 2218 1282 2241 78
1300 2223 1397 2248 aspera.
1415 2216 1510 2240 vultur
1529 2216 1595 2241 avis.

995 2248 1190 2281 vulturnus]
1217 2248 1286 2281 Euy.
1305 2256 1324 2274 e.
1346 2252 1385 2282 73,
1399 2254 1411 2275 1
1431 2249 1576 2275 vulturnus
1599 2249 1699 2283 frigore
1722 2251 1783 2284 (abl.

1027 2285 1114 2316 temp.)
1133 2285 1237 2317 gratus.

994 2317 1123 2351 vultus]
1148 2322 1168 2350 1,
1181 2321 1233 2343 645
1253 2317 1345 2343 vultus
1365 2337 1370 2343 .
1390 2337 1395 2343 .
1415 2336 1420 2343 .
1440 2318 1540 2350 sepulti
1560 2319 1706 2344 nocturnos
1725 2319 1783 2346 dies

1027 2353 1184 2378 caecitatem.
1221 2351 1300 2377 1145
1319 2351 1411 2377 Venus
1431 2372 1437 2378 .
1450 2371 1456 2378 .
1470 2372 1476 2378 .
1497 2352 1575 2378 vultu
1595 2354 1711 2379 mutata.

993 2420 1100 2453 xenia]
1124 2423 1147 2479 Ξ,
1164 2423 1208 2445 778
1230 2420 1406 2452 expectamus
1431 2439 1436 2445 .
1455 2440 1460 2446 .
1482 2440 1487 2446 .
1506 2420 1539 2445 de
1563 2428 1683 2454 paupere
1702 2421 1782 2447 xenia

1027 2456 1077 2486 (se-
1095 2462 1122 2479 co
1142 2457 1168 2485 .).

991 2522 1071 2555 zelo]
1092 2521 1129 2547 II
1140 2525 1184 2547 119
1204 2521 1350 2554 Lycastum
1374 2521 1444 2548 zelat
1467 2522 1496 2554 (i.
1516 2524 1602 2553 anum·
1625 2522 1696 2548 celat
1714 2522 1781 2555 eod.)

1026 2557 1154 2582 Amazon.
1192 2556 1265 2589 Euy.
1284 2564 1305 2581 c.
1324 2563 1383 2588 app.
1404 2559 1440 2586 16,
1453 2558 1468 2582 3
1487 2556 1582 2582 zelare.

991 2591 1091 2624 zelus]
1114 2590 1142 2615 X
1154 2593 1203 2615 424
1221 2590 1298 2616 dolor
1317 2591 1370 2619 est,
1389 2598 1443 2615 non
1463 2590 1534 2616 zelus
1555 2590 1640 2616 lason.
1679 2590 1723 2616 Or.
1738 2595 1780 2617 165

1025 2626 1146 2650 armatus
1160 2624 1216 2649 zelo
1231 2624 1380 2649 mordente.
1415 2624 1487 2657 Ezcy.
1508 2633 1527 2649 c.
1547 2632 1607 2656 app.
1626 2628 1688 2656 16,1
1707 2625 1780 2651 zelus

1025 2660 1056 2684 ut
1075 2659 1104 2684 in
1122 2666 1264 2684 numerum
1285 2658 1419 2684 virtutum
1440 2660 1568 2684 transeat.

991 2693 1082 2726 zona]
1104 2693 1194 2718 X234
1219 2692 1253 2717 ad
1277 2700 1371 2717 zonam
1395 2692 1477 2725 digiti
1502 2692 1653 2718 mittuntur
1671 2692 1779 2718 Medeae

1024 2727 1163 2760 stupentis.
1194 2729 1271 2757 3,316
1281 2726 1405 2752 extendit
1416 2746 1421 2751 .
1431 2747 1435 2752 .
1447 2747 1451 2752 .
1463 2735 1529 2752 zona
1542 2726 1616 2760 polos
1627 2726 1779 2752 rubicunda

1024 2762 1121 2787 calore.
1164 2760 1239 2786 VIII
1248 2764 1294 2786 195
1312 2768 1379 2785 zona
1398 2761 1553 2787 flammatur
1571 2760 1627 2786 sole
1647 2769 1764 2787 corusco.
