2106 3061
680 823 1205 870 (EPISTVLAE).

913 945 975 986 (Ι).

256 1015 610 1051 SVGGERENDVM
638 1015 803 1050 DOMNO
832 1016 928 1051 MEO
957 1017 1016 1051 ET
1045 1017 1170 1052 VERE
1198 1017 1410 1053 PROPRIO
1439 1019 1618 1055 DOMINO

206 1080 530 1122 BRAYLIONI
574 1083 805 1119 EPISCOPO
854 1080 1148 1121 EVGENIVS
1193 1086 1437 1122 SERVVLVS
1474 1088 1668 1124 VESTER.

220 1169 313 1201 Duae
344 1179 395 1199 res
428 1168 562 1199 obortae
592 1171 666 1198 sunt
694 1168 725 1198 in
756 1169 896 1200 ecelesia
927 1172 997 1206 tua,
1029 1170 1114 1201 unde
1145 1171 1275 1202 nimium
1305 1171 1506 1202 contabescit
1539 1172 1646 1202 anima
1676 1183 1758 1211 mea,

119 1225 151 1253 et
174 1221 248 1263 quid
278 1220 411 1252 remedii
439 1219 624 1259 adhibeam,
654 1220 715 1251 nisi
749 1220 918 1251 eonsilium
943 1224 1086 1252 vestrum
1108 1222 1308 1264 praebuerit,
1339 1223 1466 1264 penitus
1490 1223 1624 1253 seientia
1648 1226 1757 1254 nostra

89 1287 100 1305 ⁵
119 1284 180 1304 non
204 1273 310 1304 habet.

220 1325 259 1356 de
294 1323 431 1365 quodam
466 1323 564 1354 fratre
602 1323 818 1365 repperimus7
853 1324 907 1364 qui
942 1334 1005 1354 nou
1041 1328 1175 1366 accepto
1211 1325 1402 1367 presbyterii
1443 1325 1542 1366 gradu
1580 1326 1758 1367 presbyteri

118 1377 244 1419 peragit
268 1376 424 1413 officium,
456 1378 489 1405 et
520 1378 555 1405 ut
585 1385 715 1406 causam
742 1375 860 1405 certius
884 1377 1085 1416 agnoscatis,
1111 1377 1216 1407 onmia
1241 1378 1448 1417 singulariter
1472 1377 1650 1409 innotesco.
1698 1379 1756 1410 fuit

117 1428 201 1459 idem
232 1428 300 1470 ipse
326 1428 424 1458 frater
454 1427 697 1457 molestissimus
728 1426 857 1457 domino
881 1438 953 1458 meo
979 1427 1134 1468 Eugenio.
1182 1431 1312 1470 rogatus
1337 1440 1355 1459 a
1381 1439 1472 1469 rege,
1505 1432 1540 1459 ut
1569 1439 1640 1459 eum
1666 1441 1754 1471 pres-

116 1481 263 1522 byterum
288 1480 462 1519 ordinaret,
487 1480 562 1521 qnia
586 1480 718 1510 iussioni
744 1479 896 1521 principis
921 1480 1072 1510 resistere
1098 1491 1160 1511 non
1179 1481 1369 1522 praevaluit„
1396 1481 1454 1511 hoe
1480 1492 1582 1521 genus
1607 1481 1754 1512 factionis

75 1545 98 1563 ιο
116 1533 247 1563 invenit:
287 1532 380 1563 duxit
416 1542 488 1562 euin
525 1531 565 1561 ad
604 1531 769 1569 altarium,
810 1541 939 1561 manuni
975 1542 1037 1562 nou
1083 1533 1225 1573 inposuit
1264 1536 1295 1563 et
1324 1532 1528 1563 cantantibus
1565 1533 1688 1563 clericis
1724 1534 1754 1563 in

115 1584 258 1622 excelso,
287 1595 344 1626 pro
375 1583 601 1614 benedictione
631 1582 891 1612 maledictionem
920 1583 1049 1615 effudit.
1083 1584 1166 1613 sicut
1196 1584 1264 1625 ipse
1299 1584 1358 1614 hoe
1389 1584 1536 1625 personis
1568 1584 1689 1614 idoneis
1725 1589 1756 1615 et

115 1635 172 1666 sibi
208 1635 382 1666 carissimis
411 1634 614 1676 postmodum
646 1634 821 1675 publicavit
856 1634 1042 1672 coniurans,
1079 1639 1113 1665 ut
1142 1635 1200 1665 hoe
1229 1635 1380 1676 quamdiu
1414 1635 1537 1665 viveret
1573 1636 1754 1666 reticerent.

114 1687 186 1728 quid
212 1687 285 1717 inde
309 1687 378 1717 fieri
402 1686 558 1727 praecipit
583 1689 690 1716 vestra
723 1685 909 1727 prudentia,
939 1686 1002 1716 cita
1030 1696 1080 1716 me
1113 1686 1255 1716 iussione
1288 1686 1442 1718 certifica:
1472 1697 1544 1717 nam
1569 1687 1677 1717 nescio
1703 1690 1756 1717 aut

115 1739 139 1769 si
171 1739 231 1769 iste
262 1738 432 1780 presbyter
468 1737 641 1771 habeatur,
677 1740 732 1767 aut
764 1737 789 1767 si
820 1737 863 1767 illi
903 1738 955 1778 qui
987 1748 1043 1778 per
1077 1748 1148 1768 eum
1185 1738 1340 1779 baptizati
1371 1738 1544 1768 chrismate
1574 1740 1754 1779 praenotati

73 1802 95 1820 15
115 1794 197 1828 sunt,
220 1794 307 1820 recte
333 1789 545 1820 Christicolae
570 1789 758 1819 vocitentur.
806 1789 892 1819 solve
916 1789 991 1819 mihi
1016 1789 1096 1819 hane
1121 1789 1159 1819 de
1184 1800 1246 1830 qna
1271 1791 1348 1820 salis
1372 1790 1501 1830 ambigo
1519 1791 1753 1830 quaestionem:

114 1842 157 1872 ita
182 1842 286 1872 solvat
310 1840 456 1871 Christus
482 1841 596 1882 culpae
621 1844 749 1871 vestrae
773 1840 797 1870 si
822 1844 929 1870 tamen
955 1844 1004 1870 est
1028 1841 1136 1881 aliqua
1162 1841 1342 1872 nexionem.

214 1894 245 1924 in
269 1892 429 1933 aliquibus
453 1892 563 1923 itidem
588 1892 666 1922 locis
692 1891 842 1922 diacones
868 1891 1041 1922 chrismare
1067 1893 1300 1933 persensimus,
1332 1895 1364 1922 et
1388 1893 1498 1933 ignoro
1523 1893 1596 1933 quid
1622 1893 1660 1923 de
1692 1894 1749 1931 his,

113 1945 164 1986 qui
190 1944 229 1975 ab
255 1944 375 1975 eisdem
405 1944 567 1974 chrismati
597 1946 684 1979 sunt,
713 1943 820 1973 facere
851 1942 1043 1973 debeamus:
1077 1943 1304 1984 numquidnam
1335 1943 1502 1974 iterabitur
1526 1945 1631 1974 sancti
1653 1944 1751 1975 chris—

113 1997 204 2027 matis
228 1997 356 2027 unctio?
393 1999 447 2026 aut
470 1996 496 2026 si
522 2006 582 2025 non
609 1994 793 2030 iterabitur,
823 1993 900 2024 haut
929 2005 984 2035 pro
1010 1994 1182 2025 chrismate
1209 1995 1408 2036 reputabitur
1433 1995 1516 2036 quod
1542 1996 1673 2026 forsitan
1699 2000 1752 2026 aut

71 2059 95 2078 20
112 2048 330 2090 praesumptio
366 2047 510 2089 conpulit
544 2050 598 2077 aut
634 2047 810 2077 nescientia
846 2047 1063 2088 perpetravit?
1104 2046 1177 2087 quid
1214 2047 1244 2077 in
1281 2047 1341 2077 hoe
1377 2056 1504 2077 servare
1540 2057 1590 2077 me
1626 2047 1751 2085 deceat,

111 2109 248 2141 suggero
272 2102 307 2129 ut
330 2102 438 2130 vestra
462 2098 538 2129 mihi
562 2099 666 2140 pietas
691 2099 883 2129 innotescat.

212 2150 337 2181 duabus
361 2151 545 2192 praemissis
581 2150 719 2181 occurrit
750 2153 781 2180 et
811 2150 915 2180 tertia.
974 2150 1155 2191 presbyteri
1195 2149 1293 2190 aliqui
1331 2152 1441 2179 eontra
1476 2149 1525 2179 ins
1555 2152 1586 2179 et
1615 2150 1745 2180 vetitum

112 2212 268 2232 canonum
297 2202 336 2232 de
367 2202 541 2232 chrismate
575 2201 660 2242 quod
691 2201 751 2232 sibi
786 2201 847 2242 ipsi
881 2201 1054 2231 conficiunt
1085 2201 1125 2241 (si
1154 2204 1261 2231 tamen
1289 2200 1427 2231 chrisma
1457 2201 1542 2231 istud
1573 2204 1622 2231 est
1651 2202 1750 2231 nomi-

111 2253 281 2294 nandum)⁷
306 2253 489 2295 baptizatos
523 2253 654 2294 signare
690 2256 909 2294 praesumunt.
955 2252 1030 2293 quid
1062 2256 1117 2283 aut
1152 2253 1260 2282 taliter
1289 2252 1422 2292 signatis
1453 2252 1585 2282 remedii
1620 2256 1673 2282 aut
1704 2253 1751 2282 liis

70 2317 93 2336 25
112 2304 212 2346 possit
236 2314 293 2346 pro
318 2304 516 2335 correctione
545 2304 711 2346 praeberi,
744 2315 794 2335 me
825 2304 928 2334 fateor
956 2304 1118 2344 ignorare:
1151 2303 1206 2333 sed
1235 2314 1253 2333 a
1282 2306 1312 2333 te
1341 2302 1380 2333 de
1409 2303 1458 2334 his
1490 2304 1671 2334 inluminari
1701 2314 1750 2333 me

110 2356 252 2397 postulo,
282 2356 335 2396 qui
363 2355 491 2386 divinae
522 2356 701 2400 sapientiae
733 2356 842 2386 maiori
877 2355 998 2386 lumine
1030 2355 1155 2396 pollens
1186 2358 1217 2384 et
1247 2354 1328 2395 legis
1354 2358 1485 2385 sanctae
1510 2354 1625 2385 cotidie
1650 2354 1749 2384 medi-

110 2407 220 2438 tationi
257 2407 445 2438 deserviens
485 2407 666 2438 latebrosas
699 2408 859 2448 nigrorum
889 2406 1031 2437 cordium
1067 2406 1222 2437 factiones
1259 2410 1290 2436 ct
1324 2406 1533 2437 veliementer
1569 2406 1748 2446 insequeris

112 2462 143 2489 et
166 2458 344 2500 prudenter
367 2459 491 2489 invenis
515 2462 548 2490 et
571 2463 664 2490 acute
689 2459 847 2490 dissolvis.

212 2563 316 2587 VARIA
342 2564 477 2588 LECTlO:
553 2562 588 2595 [l]
629 2563 680 2587 LE
766 2562 778 2587 1
811 2562 921 2586 Traubio
944 2562 1065 2585 suadente
1090 2561 1181 2593 scripsi
1204 2562 1324 2585 DOMNO
1348 2565 1369 2584 e!
1392 2560 1431 2584 Iu'c
1453 2564 1475 2584 et
1492 2568 1517 2591 p.
1532 2561 1588 2590 286,
1608 2561 1646 2584 22.
1666 2562 1722 2587 20¹7,
1739 2562 1749 2582 1

111 2604 207 2634 domne,
226 2606 286 2637 quia
304 2605 352 2630 hac
371 2606 397 2630 in
412 2615 440 2630 re
458 2615 503 2631 nec
521 2607 586 2630 notis
605 2610 640 2630 es!
653 2606 720 2638 fides
738 2614 783 2630 nec
810 2605 995 2629 conlationibus
1082 2603 1098 2628 3
1124 2604 1231 2628 eeclesia
1259 2608 1304 2628 tua
1331 2604 1365 2626 sic
1385 2603 1434 2626 LE
1461 2602 1506 2634 (ιγ’.
1530 2606 1539 2626 1
1565 2611 1622 2626 vere
1649 2603 1748 2634 proprio

110 2647 228 2679 domino),
252 2656 273 2674 e.
297 2657 353 2673 mea
376 2649 433 2674 edd.
452 2650 521 2681 falso
550 2657 580 2673 ea)
608 2648 751 2673 Braulione
775 2657 800 2680 p.
824 2650 880 2678 284,
900 2649 942 2677 29,
970 2647 1052 2679 sprevi
1077 2647 1151 2670 eliam.
1177 2655 1198 2671 e.
1221 2647 1346 2670 Toletana
1450 2646 1465 2669 15
1491 2646 1572 2677 gradu
1598 2646 1746 2677 presbyterii

110 2689 218 2715 Braulio
233 2700 260 2722 p.
275 2694 334 2722 284,
346 2694 376 2716 31
463 2692 479 2716 8
501 2697 561 2724 post
580 2693 657 2717 frater
682 2700 778 2715 ‘rasura
807 2692 883 2715 triam
908 2691 1047 2714 litterarum
1078 2690 1099 2713 L
1190 2688 1220 2713 12
1241 2689 1381 2721 publicabit
1410 2688 1459 2712 LE
1557 2687 1587 2711 13
1609 2688 1746 2719 praecipiat

108 2733 209 2758 vitatum
236 2735 265 2759 oh
290 2744 391 2759 cursum
411 2735 513 2759 tardum
602 2734 633 2760 19
652 2736 713 2759 haut
737 2743 782 2767 pro
801 2743 852 2766 eqo,
881 2738 925 2758 aut
952 2743 996 2766 pro
1023 2733 1070 2756 LE
1159 2732 1193 2756 ⁴21]
1211 2732 1365 2764 perpetrabit
1384 2731 1406 2755 I)
1493 2730 1526 2755 *22
1553 2731 1745 2763 quaestionibus

108 2774 189 2809 (efip.
203 2779 263 2809 285,
277 2779 321 2809 43)
338 2779 417 2810 facile
436 2778 589 2810 intellegitur
608 2786 638 2802 εκ
657 2778 672 2802 l.
688 2780 716 2802 15
809 2777 841 2802 ‘26
860 2778 998 2809 sapientiae
1017 2776 1134 2800 omissum
1154 2775 1179 2799 in
1198 2775 1311 2806 mat-ylice
1330 2774 1445 2798 additum
1465 2774 1486 2798 L

1491 2823 1540 2849 36²*-

1806 1691 1821 1704 Ο

1805 1706 1822 1719 ⁷)
