2106 3061
329 187 369 215 60
843 180 1043 208 [ΙῙίᾹΟΟΝΤΙΙ
1080 179 1126 207 DE
1147 179 1326 206 LAVDIBVS
1344 178 1404 206 DEI
1442 179 1453 205 1

738 271 864 299 mortua
887 277 962 310 pars
986 267 1125 299 hominis
1149 267 1307 309 quotiens,
1333 277 1408 309 pars
1433 266 1504 297 viva
1528 265 1666 305 iacebat,

739 320 854 351 funera
879 320 951 350 viva
975 329 1121 361 gemens,
1147 319 1240 350 vivax
1263 319 1295 350 in
1314 322 1417 350 morto
1442 317 1582 350 cadaver

738 382 776 403 ac
800 372 869 403 sine
895 375 996 403 morte
1021 375 1129 402 tumen
1154 370 1244 402 vitali
1268 370 1299 401 in
1325 373 1426 401 morte
1451 371 1638 412 perempta?

584 422 636 449 1³50
740 427 772 454 et
796 422 940 454 rediviva
963 423 1050 454 salus
1075 421 1184 454 reduci
1209 433 1267 464 per
1289 421 1435 453 membra
1459 431 1577 463 vapore

739 475 881 506 nascitur
904 479 936 506 et
958 474 1080 506 calidus
1104 474 1222 516 repetit
1246 473 1357 504 vitalia
1384 482 1498 505 sensus

739 536 815 558 ossa
839 531 951 558 tenens
975 536 1140 568 venasque
1164 526 1253 556 ciens
1277 524 1444 567 udansque
1468 523 1639 555 medullas.

740 578 912 610 Phoenicis
937 581 1086 610 exactum
1112 580 1247 609 renovat
1270 575 1350 608 deus
1375 577 1448 618 igne
1475 576 1641 607 iuventam

739 634 940 672 exustasque
965 639 1066 660 senex
1091 628 1213 660 tumulo
1237 627 1382 670 procedit
1405 627 1550 659 adultus:

585 683 636 708 655
741 692 933 714 consumens
957 681 1013 712 dat
1037 680 1183 712 membra
1207 690 1303 721 rogus
1328 679 1398 710 sine
1423 682 1509 710 sorte
1534 678 1686 720 sepulcri.

740 733 866 775 ignibus
891 733 1044 765 extinctis
1068 732 1130 763 iam
1156 734 1280 763 mortua
1303 731 1433 762 flamma
1456 730 1606 772 resurgit,

741 784 884 816 redditur
907 785 991 826 ignis
1015 783 1099 816 edax
1123 782 1267 815 redivivo
1290 782 1410 814 lumine
1435 781 1577 814 candens

740 841 772 868 et
796 836 936 868 scintilla
960 835 1070 867 volans
1095 834 1244 866 incendia
1267 837 1360 866 vasta
1383 833 1510 865 reducit

741 892 773 920 et
796 887 882 929 quod
906 887 1013 918 fumus
1038 890 1118 925 crat,
1141 885 1255 917 stridet
1278 885 1371 917 iubar
1393 885 1475 927 ignis
1499 884 1628 922 anheli;

585 939 636 966 660
741 939 815 981 igne
840 949 922 981 vago
947 938 1096 970 rutilatur
1120 948 1215 980 apex,
1240 937 1296 969 fax
1321 947 1398 969 aera
1421 936 1536 968 lambit

741 994 773 1022 ct
797 991 876 1022 cinis
894 991 1058 1022 extinctus
1082 989 1190 1031 gelida
1213 989 1370 1021 moriente
1395 988 1507 1020 favilla

740 1042 862 1074 tollitur
883 1042 949 1074 alta
972 1044 1098 1084 petens,
1122 1044 1231 1073 erecto
1255 1041 1342 1072 crine
1366 1043 1515 1082 vagatus.

740 1097 867 1125 mortua
890 1104 955 1125 nox
979 1093 1038 1125 sub
1062 1093 1135 1125 luce
1160 1092 1255 1131 cadit,
1279 1092 1362 1134 perit
1386 1102 1486 1123 aurea
1508 1091 1586 1123 luna

740 1149 837 1187 atque
862 1155 920 1187 per
943 1155 1099 1177 ascensus
1123 1147 1156 1176 et
1179 1154 1301 1176 cornua
1324 1143 1448 1185 colligit
1471 1143 1564 1185 ignes

586 1196 636 1223 (365
741 1200 774 1228 et
797 1196 872 1228 dum
897 1207 995 1228 caeca
1017 1196 1107 1235 latet,
1132 1198 1283 1238 reparato
1308 1195 1429 1227 lumine
1454 1194 1559 1236 fulget

740 1249 957 1291 mentiturque
982 1248 1066 1280 diem
1090 1248 1147 1279 lux
1170 1247 1297 1289 frigida,
1322 1247 1397 1278 solis
1421 1247 1539 1289 imag0.

740 1300 873 1332 lucifero
898 1300 1053 1332 redeunte
1077 1299 1152 1342 polo
1178 1299 1362 1331 moriuntur
1385 1301 1417 1331 et
1440 1302 1542 1331 astra:

739 1353 869 1383 nuntius
893 1362 1028 1383 aurorae
1054 1350 1232 1383 subductus
1256 1354 1359 1382 morte
1383 1350 1498 1382 diurna

740 1404 856 1435 lucifer
879 1404 1039 1435 extinctas
1064 1403 1166 1434 reficit
1189 1413 1247 1445 per
1271 1402 1377 1434 sidera
1400 1402 1548 1434 flammas

586 1455 636 1483 670
740 1458 772 1487 et
795 1458 973 1487 nocturnus
998 1465 1098 1497 eques
1123 1454 1216 1486 iubar
1239 1455 1358 1487 emicat
1381 1454 1456 1496 igne
1480 1464 1624 1486 corusco.

740 1507 867 1539 roseida
889 1507 1064 1549 puniceum
1088 1516 1246 1549 spargens
1271 1516 1387 1538 aurora
1409 1506 1559 1538 ruborem

741 1559 828 1591 ducit
851 1559 970 1601 ubique
995 1558 1078 1590 diem
1102 1559 1281 1601 periturum
1305 1558 1408 1590 noctis
1431 1558 1472 1590 ab
1496 1558 1617 1590 umbris

741 1614 774 1642 ct
796 1614 906 1642 tamen
929 1611 1011 1642 haec
1036 1610 1076 1642 de
1101 1610 1169 1641 sole
1193 1611 1287 1653 perit,
1311 1620 1373 1652 quo
1396 1610 1498 1642 missa
1520 1610 1668 1642 rubebat.

742 1663 798 1701 sol,
823 1663 935 1694 oculus
961 1662 1053 1702 caeli,
1078 1662 1217 1694 famulus
1240 1672 1337 1704 super
1359 1665 1449 1694 astra
1471 1662 1638 1703 Tonantis,

586 1714 637 1740 675
741 1714 832 1745 cuius
855 1714 894 1746 ab
919 1714 1073 1746 inmensis
1092 1714 1306 1756 languescant
1329 1713 1437 1746 sidera
1460 1714 1608 1754 flammis,
1778 1724 1797 1735 x

741 1767 773 1797 ni
797 1766 913 1808 gelidis
937 1766 1119 1798 animentur
1142 1766 1236 1808 aquis
1258 1776 1317 1808 per
1341 1766 1470 1798 caerula
1493 1767 1593 1808 ponti,

741 1818 871 1855 occidit;
894 1819 965 1860 ipse
989 1818 1058 1850 dies
1081 1828 1178 1860 super
1201 1828 1345 1859 aequora
1368 1818 1438 1850 sole
1462 1817 1600 1850 cadente

741 1879 880 1911 aequore
904 1880 1029 1901 mersus
1053 1869 1130 1908 abit,
1155 1879 1258 1900 novus
1282 1879 1422 1911 aequore
1446 1879 1541 1901 mane
1565 1870 1720 1912 resurgit:

741 1932 878 1964 vespere
902 1924 1059 1953 nocturno
1084 1920 1209 1952 radiata
1231 1920 1304 1952 luce
1328 1921 1500 1953 rubentem

587 1973 638 2000 680
741 1973 910 2016 purpureis
934 1973 1052 2005 attollit
1075 1973 1178 2015 aquis,
1202 1972 1370 2014 redditque
1394 1972 1508 2004 diurne

434 2056 484 2081 (348
503 2057 604 2081 Funera
623 2056 687 2089 Euy.
709 2060 731 2080 ct
749 2056 786 2087 M,
805 2057 922 2081 Funerea
941 2055 965 2080 B
1043 2063 1134 2088 gorens
1153 2055 1219 2087 Euy.
1315 2053 1366 2079 649
1385 2055 1410 2079 in
1429 2055 1583 2082 delendum?
1679 2057 1730 2084 652
1747 2060 1862 2093 udusque
1880 2059 1918 2091 B,
1941 2061 1976 2093 cf.

333 2099 398 2130 Euy.
494 2098 544 2124 653
563 2100 662 2124 Fenicis
681 2098 780 2130 (Fi-15²)
800 2103 891 2124 exacta
913 2107 952 2123 me
971 2103 1078 2124 renouat
1098 2098 1132 2129 B,
1158 2107 1222 2123 corr.
1239 2098 1280 2122 Μ8
1289 2098 1333 2128 17²,
1357 2099 1391 2131 cf.
1406 2098 1472 2131 Ειιῃι
1578 2098 1629 2124 654
1647 2101 1805 2128 Extussenes
1828 2103 1926 2128 tumulo
1944 2102 1976 2132 B.

333 2144 367 2174 cf.
385 2141 450 2173 lcuy.
541 2141 589 2166 6:37
614 2142 727 2167 redivivo
752 2142 825 2174 Euq.¹
849 2142 935 2166 diuino
954 2141 979 2166 Β
1071 2141 1123 2167 660
1141 2150 1202 2167 aera
1220 2142 1251 2172 B,
1276 2142 1381 2167 aethera
1404 2141 1469 2174 Eity.
1484 2140 1579 2174 (cetera
1602 2143 1687 2175 codd.)
1779 2145 1830 2171 663
1852 2146 1926 2171 cadet
1944 2146 1976 2177 B,

333 2194 398 2209 τοι-ν.
414 2185 464 2214 ,1Ιῖ
483 2186 516 2217 cf.
531 2184 596 2216 Euy.
692 2184 741 2209 664
760 2193 877 2210 accessus
899 2184 1011 2209 Arevalo
1106 2184 1158 2210 665
1182 2185 1238 2216 celo
1261 2185 1323 2209 latet
1342 2185 1373 2216 B,
1393 2185 1426 2218 cf.
1441 2183 1515 2218 Eua.¹
1542 2186 1662 2218 Dumque
1680 2187 1762 2212 latent
1779 2188 1848 2213 eaelo
1867 2188 1910 2213 Μ8

333 2226 384 2252 670
403 2229 433 2252 Et
452 2228 547 2258 noem)
567 2227 654 2258 un(us)
671 2227 715 2259 B1,
739 2232 879 2252 nocturnus
898 2228 975 2252 voluit
993 2228 1120 2259 cury-islere
1137 2227 1182 2258 13²,
1202 2228 1279 2252 evasit
1298 2231 1426 2252 nocturnus
1509 2227 1560 2253 673
1577 2237 1629 2261 quo
1647 2230 1725 2255 missa
1737 2231 1812 2264 Euq„
1832 2232 1940 2256 comissa
1954 2231 1978 2256 Β

369 2269 418 2294 674
438 2270 480 2295 Sol
498 2270 588 2295 oculus
608 2270 681 2301 Eius„
701 2271 760 2295 Sola
778 2271 851 2295 cuius
871 2271 895 2295 B
981 2270 1032 2296 675
1049 2271 1221 2303 languescunt
1240 2270 1265 2295 B
1284 2270 1357 2302 Eua„
1377 2279 1444 2295 corr.
1458 2270 1571 2296 ,arevalo
1662 2271 1713 2297 676
1730 2274 1858 2299 animetur
1876 2274 1942 2306 Euy.

333 2311 383 2337 677
402 2314 501 2338 Occidit
520 2313 594 2345 Eusp,
613 2313 738 2344 Occid(et)
758 2313 782 2337 Β
857 2314 963 2339 cadente
982 2314 1047 2346 Euy.
1066 2318 1088 2338 et
1108 2314 1159 2345 .ll²,
1179 2314 1299 2339 candenti
1317 2313 1342 2338 B
1433 2312 1484 2338 678
1502 2314 1555 2339 obit
1573 2313 1639 2348 Euq.
1726 2314 1776 2341 679
1795 2316 1864 2341 hune
1881 2317 1978 2342 radiata

334 2355 391 2380 luce
410 2356 486 2388 1:¹qu
511 2356 590 2381 radiat
608 2356 678 2381 ulixe
696 2356 720 2380 B
805 2356 856 2381 680
877 2357 950 2381 reieci
966 2357 1079 2381 abstollit
1166 2357 1256 2382 diurne
1275 2357 1349 2389 an„
1368 2357 1460 2389 diurne
1479 2357 1504 2381 B

437 2439 487 2465 647
506 2443 528 2472 2,
543 2444 587 2466 126
606 2443 713 2467 mortua
733 2449 796 2474 pars
816 2440 949 2471 hominis,
975 2449 1039 2475 pars
1063 2441 1152 2467 altera
1171 2440 1235 2467 viva
1259 2441 1370 2468 iacebat
1473 2442 1525 2469 650
1543 2441 1620 2468 Beda
1638 2442 1728 2470 mirac.
1748 2443 1774 2470 S.
1795 2442 1884 2470 Cutlnb.
1905 2445 1942 2474 25,
1961 2445 1978 2470 8

337 2491 499 2524 laxatosque
517 2491 590 2517 salus
610 2492 732 2518 rediviva
745 2492 885 2518 subintrat
905 2492 932 2518 in
952 2495 1038 2519 artus.
1069 2493 1167 2519 Aleum
1186 2496 1209 2525 3,
1223 2496 1261 2525 31,
1276 2496 1308 2519 12
1319 2492 1401 2525 (Poet.
1415 2492 1500 2520 Car-ol.
1511 2493 1564 2527 112.
1576 2496 1632 2524 217)
1652 2496 1682 2522 et
1694 2494 1819 2522 rediviva.
1836 2494 1911 2521 salus
1929 2502 1979 2528 per

337 2542 458 2568 membra
482 2543 602 2570 cucurrit
627 2543 729 2577 ubique
816 2544 867 2571 053
888 2544 1028 2570 Phoenicis
1046 2545 1103 2570 aris
1126 2545 1269 2578 exemplum
1287 2544 1444 2579 resuryendi
1461 2545 1523 2571 inde
1541 2554 1559 2571 a
1573 2545 1704 2573 Commod.
1717 2547 1786 2580 apol.
1800 2550 1848 2574 139
1864 2546 1978 2573 rccmw't

335 2593 410 2626 apud
425 2596 517 2626 poetas
534 2594 690 2620 christianos
777 2596 828 2622 660
850 2595 924 2629 Γενῃ.
938 2597 1005 2622 Aen.
1018 2600 1041 2628 3,
1057 2600 1106 2622 574
1125 2596 1215 2623 sidera
1234 2596 1334 2623 lambit
1343 2598 1433 2623 Aetna
1520 2597 1571 2624 662
1589 2598 1662 2632 Verq.
1675 2599 1744 2625 Aen.
1759 2602 1779 2631 7,
1791 2601 1840 2625 362
1858 2597 1977 2632 perfidus

337 2644 395 2670 alta
415 2645 527 2678 (maria)
546 2648 642 2679 petens
735 2647 783 2672 064
805 2656 852 2680 per
870 2656 997 2673 ascensus
1016 2648 1124 2681 repetito
1141 2656 1253 2674 ascensu
1336 2648 1411 2683 Vcry.
1429 2657 1515 2683 θεον-9.
1534 2653 1555 2682 1,
1573 2652 1622 2676 427
1643 2649 1710 2676 luna.
1727 2651 1897 2677 revertentes
1915 2658 1978 2676 cum

338 2695 456 2729 primum
475 2697 582 2731 colligit
603 2697 679 2731 ignes
778 2698 828 2725 668
847 2698 912 2724 Stat.
935 2698 1011 2725 Theb.
1029 2703 1051 2732 6,
1071 2703 1119 2725 238
1137 2699 1246 2726 roscida
1264 2700 1319 2726 inm
1347 2700 1441 2727 novies
1464 2701 1541 2727 caelo
1564 2700 1707 2729 dimiserat
1729 2703 1804 2728 astra
1823 2700 1932 2728 Lucifer
1949 2702 1978 2728 et.

336 2746 452 2773 totidem
473 2748 554 2774 lunae
578 2752 759 2782 pracvenerat
784 2749 862 2783 ignes
884 2752 993 2777 mutato
1016 2752 1166 2777 nocturnus
1188 2760 1267 2785 equo.
1303 2752 1336 2784 cs.
1356 2752 1400 2779 Ov.
1420 2753 1484 2785 fast.
1500 2755 1582 2786 2314
1606 2756 1663 2780 met.
1676 2757 1713 2784 15,
1727 2756 1774 2780 189
1859 2753 1910 2780 669
1929 2761 1978 2788 pel·

336 2798 426 2825 sideru.
444 2802 525 2826 noctu
601 2801 651 2827 679
670 2810 783 2835 vespere
803 2804 934 2828 nocturno
952 2802 1000 2828 sub
1017 2803 1097 2835 finem
1116 2804 1211 2836 noctis,
1228 2812 1306 2830 manc
1375 2804 1520 2832 rubentem
1539 2805 1617 2832 solem
1686 2804 1737 2833 680
1755 2804 1865 2832 attollit
1883 2803 1938 2831 dies
