2106 3061
112 254 365 281 EDlTltu'l-:s

264 306 347 330 ,tlon-el

223 460 324 483 Sir-mun
329 459 347 482 «t

191 664 345 689 Lormzana

235 870 270 893 Ca
275 878 349 902 rpzoi·

235 1230 256 1254 A
261 1229 347 1253 rex-alu

121 1794 223 1820 ROM
233 1794 346 1821 VLEA

322 1953 351 1978 N

373 158 449 184 XXX
1095 155 1311 183 PRAEFATIO.

477 254 515 274 ex
542 242 732 274 editionibus
761 243 937 273 carminum
961 241 1207 273 christianorum
1232 241 1289 273 hae
1312 243 1434 272 tantum
1459 243 1629 273 neennoratu
1656 244 1730 273 sunt
1751 242 1879 282 dionae:
1907 241 2027 274 More-

374 296 482 327 liana
508 294 612 325 Paris.
639 293 775 334 1:360¹);
800 293 995 325 Guilelmum
1023 292 1194 324 Marelium
1222 292 1460 332 exprimendum
1486 302 1614 325 curasse
1647 293 1710 326 cod.
1730 293 1763 325 Z
1791 294 1853 325 iam
1882 293 2027 326 vidimus.

373 348 473 378 altera
497 347 541 377 sic
557 345 709 384 inscripta
725 347 786 376 est:
809 345 845 376 B.
864 344 1012 386 Eugenii,
1041 344 1147 385 Episc.
1172 344 1277 375 Tolet.
1299 344 1473 386 Opuscula,
1497 344 1612 386 quibus
1635 345 1745 376 inserti
1768 348 1841 376 sunt
1862 344 2030 377 Dracontii

375 398 475 429 libelli
499 397 573 433 duo,
598 397 638 428 ab
663 396 809 437 Eugenio
835 397 950 428 eodem
977 397 1141 437 recogniti.
1195 396 1332 427 Adiecta
1357 401 1429 427 sunt
1452 396 1587 427 aliorum
1613 396 1736 438 aliquot
1758 401 1903 428 veterum
1927 397 2027 439 serip-

375 454 479 481 torum
511 449 608 480 varin.
659 448 743 480 Cura
774 448 882 479 Iacobi
912 447 1110 479 Sirmondi
1134 447 1236 480 Paris.
1266 450 1354 479 1609.
1405 448 1594 479 Sir-mondus
1620 448 1765 479 adhibuit
1796 448 1858 479 cod.
1880 447 1924 486 P,
1956 448 2029 480 bene

373 502 483 538 edidit,
514 504 608 541 aeque
630 501 877 542 satique-tionem
909 500 1032 539 quidem
1053 500 1191 539 primus,
1221 499 1309 530 haud
1329 510 1437 538 pauca
1460 500 1607 537 commit,
1641 510 1687 530 ex.
1708 509 1756 539 φ’.
1777 509 1816 530 ex
1843 499 2027 531 Mareliana

374 553 506 584 adscivit
529 563 554 584 υ.
572 554 644 589 466,
667 552 723 591 qui
746 552 827 582 deest
852 552 884 582 in
910 551 946 582 P.
1000 562 1052 590 eqo
1074 560 1154 581 usus
1177 561 1245 581 sum
1269 551 1402 582 editione
1424 551 1554 590 repetita
1578 561 1660 590 quae
1681 553 1783 582 exstat
1812 551 1846 581 in
1869 550 2030 582 sirmondi

375 605 519 646 operibus
546 604 646 635 variis
676 606 744 634 toni.
771 603 810 634 II
838 602 962 641 (Paris.
988 604 1087 639 1696)
1113 613 1144 641 p.
1168 604 1301 641 875sqq.
1367 612 1405 632 cx
1434 601 1479 632 M
1502 602 1621 632 libellos
1648 603 1756 632 auctos
1784 601 1880 633 edidit
1911 602 1968 634 Fr.
1991 601 2029 633 de

376 656 601 687 Lorcnzana
628 655 660 686 in
685 654 717 686 S.
735 654 767 685 S.
785 666 814 696 p.
832 666 862 696 p.
881 654 1110 686 Toletanm-um
1141 657 1298 695 quotquot
1327 657 1440 684 extant
1463 663 1596 694 operum
1622 657 1709 684 tomo
1726 653 1742 684 I
1765 652 1902 694 (Matriti
1923 654 2027 694 1782).

370 710 535 747 practerea
558 707 684 737 nomino
705 707 783 745 quia
805 706 842 736 de
865 706 1080 745 superioribus
1103 706 1292 736 editionibus
1310 705 1403 744 plene
1428 706 1525 744 refert
1549 704 1680 735 librum:
1703 704 1870 736 Dracontii
1893 705 2028 746 presby-

377 759 437 790 teri
464 758 600 800 Hispani
635 769 762 789 carmon
789 759 914 799 epicum
939 757 1158 788 hexaemeron
1187 757 1228 788 ab
1259 756 1407 797 Eugenio
1436 756 1478 786 ΙΙ.
1499 755 1662 797 Episcopo
1693 755 1798 788 Tolet.
1821 756 2028 788 emendatum

376 810 586 851 eiusdemque
611 809 717 850 elegia
741 809 781 840 ad
807 809 1025 840 Theodosium
1051 810 1216 848 iuniorem,
1242 809 1476 849 Imperatorem
1500 808 1692 848 Augustum.
1738 807 1843 839 denuo
1868 807 1969 839 edidit
1991 818 2028 840 ac

375 861 507 893 NOTIS
523 862 695 892 illustrauit
719 861 786 892 Ioh.
803 861 927 892 Bened.
946 860 1125 902 Carpzov.
1165 860 1360 891 Hclmstadii
1383 859 1468 901 apud
1487 858 1522 890 C.
1540 859 1578 890 G.
1596 859 1787 891 Fleckeisen
1808 862 1898 890 179⁴.
1936 860 2030 891 edicio

374 916 417 944 est
447 913 537 943 *utilis
567 913 610 943 ad
639 913 858 952 coqnoscendos
888 923 952 943 uno
979 914 1139 951 conspectu
1169 921 1289 943 errores
1320 911 1390 941 illos
1418 920 1495 950 quos
1523 910 1560 941 de
1583 909 1756 942 Dracontio
1779 911 1941 943 credebant
1967 911 2030 942 viri

374 965 455 995 docti
477 966 549 995 ante
572 964 759 1001 Arecalum,
793 974 868 995 nam
896 964 1035 1004 carpzov
1059 963 1186 994 initium
1205 962 1283 1004 fecit
1306 973 1326 993 a
1350 962 1511 992 variorum
1535 962 1719 992 testimoniis
1748 962 1785 993 de
1806 961 1980 994 Dracontio
2001 965 2030 994 et

375 1016 520 1055 Euat-nio
539 1015 695 1053 Toletano,
718 1015 828 1046 deinde
853 1016 886 1046 in
909 1015 991 1046 notis
1006 1015 1136 1054 coniecit
1158 1014 1268 1045 varias
1284 1014 1426 1045 lectiones
1449 1016 1476 1044 et
1499 1015 1534 1044 ut
1552 1014 1657 1054 potuit
1673 1013 1857 1052 difficiliora
1873 1014 2029 1054 explicare

376 1070 505 1099 conatus
527 1071 580 1104 est,
603 1067 660 1098 hac
683 1069 785 1097 tamen
809 1067 843 1097 in.
862 1068 954 1105 parte
978 1066 1051 1107 fere
1073 1065 1155 1096 nihil
1179 1065 1251 1096 boni
1267 1065 1439 1104 praestitit.
1488 1074 1588 1104 neque
1614 1065 1668 1096 ille
1691 1067 1877 1104 compertum
1898 1065 2029 1097 habebat

374 1121 438 1150 iam
468 1119 570 1150 tribus
594 1118 691 1149 annis
718 1119 791 1149 ante
810 1117 966 1157 prodiisse
993 1127 1060 1148 cam
1083 1117 1262 1154 editionem,
1291 1126 1371 1156 qucw
1394 1117 1504 1155 prima
1532 1117 1652 1147 iustum
1683 1116 1719 1146 in
1747 1115 1921 1148 Dracontio
1949 1117 2030 1149 artis

375 1171 499 1202 criticae
527 1170 772 1211 fundamentum
803 1170 938 1207 st›·u.vit,·
968 1169 1045 1200 liber
1077 1171 1136 1199 est:
1174 1168 1341 1199 Dracontii
1370 1172 1488 1209 poetae
1513 1167 1676 1199 christiani
1707 1167 1855 1199 seculiV
1877 1169 2028 1200 carmina.

377 1233 418 1255 ex
434 1233 508 1254 mss.
525 1222 692 1253 Vaticanis
709 1221 807 1262 duplo
824 1221 968 1252 auctiora
989 1221 1027 1251 iis
1043 1230 1125 1262 quae
1143 1220 1247 1251 adhuc
1267 1220 1455 1262 prodierunt
1470 1224 1658 1251 recensente
1676 1219 1829 1250 Faustino
1845 1220 2030 1261 Arevalo,

376 1275 430 1316 qui
454 1275 687 1316 prolegomena
718 1273 823 1303 varias
851 1275 998 1303 veterum
1027 1272 1204 1303 editionum
1238 1271 1393 1303 lectiones
1423 1274 1661 1313 perpetuasque
1691 1272 1872 1302 notationes
1900 1271 2029 1303 adiecit.

374 1325 500 1358 Romae
522 1328 612 1356 ¹791.
662 1324 857 1356 doctissimus
886 1324 920 1354 in
952 1323 1106 1355 Vaticana
1128 1323 1387 1363 bybliothecarius
1409 1323 1615 1362 amplissimis
1630 1323 1859 1362 proleqomenis
1887 1322 2030 1362 disputat

373 1378 410 1409 de
426 1378 581 1409 Dracenti
603 1377 668 1408 vita
691 1378 719 1407 ct
733 1375 868 1415 scriptis,
891 1375 928 1406 de
944 1375 1068 1415 Euqeni
1083 1375 1268 1413 recensione,
1291 1377 1319 1405 et
1342 1375 1434 1415 pleni
1455 1373 1614 1406 Draconti
1636 1376 1750 1405 tractat
1773 1374 1888 1406 codices
1909 1374 1948 1406 ab
1965 1375 2031 1414 2'1130

374 1429 523 1460 inventos.
561 1430 655 1468 atque
677 1426 907 1467 satisfactionis
930 1427 1055 1466 quidem
1070 1429 1251 1466 reppererat
1267 1427 1417 1466 optimum
1435 1427 1530 1458 illum
1553 1426 1750 1464 Vaticanum,
1774 1427 1880 1457 minus
1902 1426 1930 1457 ei
1941 1425 2031 1467 favit

371 1481 503 1520 fortuna
533 1480 568 1511 in
601 1479 751 1511 laudibus
783 1479 833 1510 dci
860 1480 1074 1512 restituendis.
1130 1489 1230 1519 neque
1264 1481 1347 1512 enim
1376 1480 1506 1511 habebat
1532 1480 1598 1511 nisi
1626 1480 1774 1511 ultimum
1800 1480 2031 1520 pessimumque

374 1531 502 1564 codicem
532 1531 567 1563 U.
625 1533 762 1562 attamen
791 1532 952 1563 Arevalus
980 1531 1133 1562 invidiam
1158 1531 1312 1572 fortunae
1335 1531 1496 1570 superavit
1525 1532 1699 1562 acrimonia
1726 1532 1860 1572 inqenii,
1886 1532 2031 1571 plurima

374 1584 452 1614 vitia
475 1583 584 1622 optime
601 1583 735 1614 correxit
750 1584 844 1622 atque
867 1583 902 1614 in
917 1583 1176 1614 adnotationibus
1188 1583 1380 1613 uberrimam
1396 1583 1662 1622 utilissimamque
1677 1583 1857 1622 explicandi
1873 1582 2030 1613 materiem

376 1636 532 1676 conyessit.
585 1635 629 1666 ad
645 1635 787 1676 primum
810 1635 924 1666 librum
949 1635 1116 1666 rectissime
1138 1634 1282 1666 adhibuit
1305 1634 1486 1675 Euyenium
1510 1635 1555 1665 ita
1578 1636 1613 1665 ut
1635 1634 1733 1665 huius
1756 1634 1830 1665 libri
1849 1644 1928 1674 pars
1951 1643 2031 1673 quae

377 1689 420 1719 cst
443 1687 480 1718 de
502 1687 655 1718 creatione
677 1685 788 1717 mundi
817 1688 845 1717 et
872 1685 909 1717 de
924 1686 1047 1726 peccati
1073 1687 1192 1726 oriyine
1218 1686 1255 1716 in
1276 1686 1474 1717 Arcvaliana
1506 1685 1669 1716 rarissime
1695 1695 1715 1716 a
1737 1686 1849 1725 probis
1875 1684 2032 1716 Draconti

377 1739 477 1770 verbis
500 1738 629 1769 recedat.
675 1738 834 1769 Arei-alus
856 1738 956 1777 iqitur
979 1738 1107 1769 titulum
1128 1738 1321 1769 restitutoris
1342 1736 1500 1768 Draconti
1520 1737 1704 1776 promeruit.

481 1791 630 1821 hactenus
645 1789 682 1820 de
697 1789 893 1820 carminibus
909 1789 1090 1820 christianis
1097 1800 1107 1827 ‚·
1124 1789 1319 1830 perqendum
1341 1791 1384 1820 est
1406 1789 1449 1820 ad
1464 1788 1661 1820 Romulea.
1701 1790 1795 1828 atque
1817 1790 1890 1827 quot
1906 1788 2032 1827 qualia-

378 1852 436 1882 que
459 1843 602 1873 carmina
625 1841 698 1872 olim
720 1841 910 1880 complexum
933 1841 976 1872 sit
998 1840 1052 1872 hoc
1074 1850 1194 1880 corpus,
1219 1850 1319 1880 supra
1337 1850 1371 1880 p.
1395 1839 1444 1872 VI
1463 1841 1672 1872 coniecturam
1690 1839 1843 1880 fecimus;
1865 1849 1951 1870 nune
1972 1839 2032 1870 erit

378 1893 586 1935 referendum,
613 1893 656 1924 ad
681 1902 834 1932 quosnam
856 1892 992 1931 praedes
1019 1895 1187 1924 recurrant
1202 1894 1314 1932 partes
1346 1902 1426 1931 quae
1453 1891 1556 1922 adhuc
1589 1893 1723 1923 exstant.
1773 1891 2032 1930 locupletissimus

372 1947 516 1985 praestat
532 1945 625 1977 codex
640 1944 675 1975 N
678 1944 786 1984 eapol
793 1944 880 1975 itan
888 1953 936 1975 us
959 1943 1037 1984 bybl.
1054 1945 1119 1975 nat.
1136 1943 1191 1976 IV
1210 1943 1244 1975 E
1255 1944 1298 1974 48
1313 1953 1389 1975 sace.
1406 1942 1479 1974 XV
1496 1943 1678 1974 chartaceus
1699 1942 1823 1984 formae
1847 1942 2032 1982 quartariae

377 1997 542 2028 maximae.
601 1996 718 2027 librum
748 1995 826 2026 mihi
857 1995 896 2026 ab
924 1995 1150 2027 humanissimo
1177 1995 1381 2037 bybliothecae
1418 1995 1649 2034 Neapolitanae
1673 1994 1831 2035 praefecto
1859 1993 2032 2025 Monacum

377 2049 505 2079 missum
529 2059 595 2079 cum
608 2047 785 2088 pulvisculo
807 2049 842 2078 ut
863 2047 971 2078 dieunt
990 2047 1080 2086 potui
1095 2049 1244 2079 eoecutere.
1283 2047 1419 2078 continet
1440 2049 1542 2077 autem
1566 2046 1660 2077 coclea?
1675 2046 1739 2077 116
1751 2046 1898 2085 paqiuas,
1919 2046 2033 2077 ultima

377 2103 406 2131 et
422 2111 457 2140 p.
474 2100 602 2131 32—36
625 2099 723 2138 (inter
739 2108 863 2129 carmen
886 2097 955 2130 VII
968 2100 997 2130 et
1018 2097 1122 2140 VIII)
1144 2101 1173 2130 et
1188 2109 1224 2139 p.
1243 2099 1286 2129 76
1307 2098 1389 2139 (post
1411 2108 1536 2130 carmen
1551 2097 1619 2139 IX)
1640 2099 1715 2128 sunt
1729 2107 1854 2128 vacuae.
1897 2097 2032 2137 reliyata

377 2154 453 2182 sunt
471 2151 557 2192 folia
580 2151 634 2182 hoc
657 2150 780 2181 ordine:

511 2234 604 2254 carm.
623 2224 646 2254 I
668 2223 835 2254 1—V192
1075 2223 1095 2254 Ι
1108 2223 1273 2262 quaternio
1283 2233 1317 2261 p.
1354 2224 1479 2265 1-161
1519 2222 1628 2254 charta
1652 2222 1804 2262 insignita
1825 2224 1869 2252 est
1894 2222 2030 2262 imayine

584 2275 613 2305 V
627 2276 726 2305 793—
734 2275 805 2305 1⁷11
1051 2274 1095 2305 II
1101 2274 1210 2314 quinio
1284 2284 1315 2313 p.
1333 2275 1459 2304 17—36
1472 2268 1478 2303 l
1606 2275 1724 2313 aquata
1746 2273 1822 2313 ayni
1845 2273 1895 2304 dei

554 2326 643 2357 VIII
667 2329 791 2357 1—474
1039 2326 1104 2357 III
1111 2325 1220 2365 quinio
1290 2325 1469 2365 p.37—56
1513 2325 1613 2366 imayo
1635 2327 1770 2364 aquata:
1795 2324 1889 2355 arbor

508 2377 597 2409 ῘἸΙΙ
626 2378 786 2409 475-ΙΧ
1044 2377 1067 2408 I
1074 2377 1216 2416 I'quinio
1288 2387 1322 2416 p.
1337 2379 1465 2408 57—76
1508 2377 1610 2417 imagyo
1621 2378 1758 2416 aquata:
1779 2376 1868 2407 canis
1884 2376 1931 2407 *eet
1947 2376 2032 2407 alius

1601 2427 1780 2467 quadrupes

563 2481 597 2511 X
618 2481 817 2520 apouraphon
839 2481 932 2519 prius
1071 2479 1212 2519 uninio
1292 2490 1325 2519 p.
1342 2480 1469 2511 77—96
1513 2479 1614 2519 imayo
1635 2481 1772 2519 aquata:
1794 2479 1909 2518 anquis

562 2533 594 2563 X
711 2557 727 2569 ,.
843 2532 977 2563 alterum
1049 2530 1096 2562 ΓΙ
1104 2531 1213 2570 quinio
1285 2541 1320 2570 p.
1337 2531 1486 2562 97-116
1508 2531 1624 2571 imaqo:
1660 2530 1773 2561 mulier
1795 2529 2032 2569 piscicaudaria

1363 2583 1406 2622 (p.
1423 2582 1515 2622 10314
1527 2583 1555 2612 et
1567 2581 1675 2622 10718)
1686 2581 1732 2612 vel
1741 2581 1830 2612 stella
1843 2582 1889 2621 (p.
1902 2581 2032 2620 111112)

380 2657 438 2688 hae
453 2667 507 2687 sca·
519 2659 627 2696 partes
644 2666 747 2687 omncs
763 2658 887 2696 excepta
910 2656 1022 2695 quinta
1045 2656 1089 2696 (p.
1106 2655 1249 2694 77—96)
1271 2655 1311 2687 ab
1333 2665 1396 2686 uno
1418 2655 1578 2694 eodemque
1600 2653 1703 2685 scriba
1725 2652 1825 2683 nitide
1847 2654 1875 2683 ct
1897 2653 2032 2685 dilucide

382 2710 530 2739 exaratae
553 2710 625 2738 sunt
654 2710 741 2746 (nam
766 2707 848 2747 quod
864 2709 973 2748 partes
996 2707 1060 2738 III
1079 2709 1107 2738 ct
1129 2705 1188 2738 IV
1200 2706 1313 2745 paullo
1335 2706 1435 2738 alium
1454 2705 1606 2745 praebent
1627 2706 1782 2744 aspectum
1805 2706 1898 2743 atque
1927 2705 1955 2742 I,
1979 2705 2032 2743 II,

486 2811 510 2843 1)
531 2811 637 2836 tilulum
658 2810 762 2844 lonqmn
781 2809 922 2843 diliuenter
940 2809 1042 2835 rettulit
1062 2808 1180 2840 Schenkl,
1195 2811 1289 2841 poetae
1307 2808 1398 2834 christ.
1411 2808 1474 2835 min.
1489 2808 1507 2834 1
1519 2817 1546 2841 p.
1560 2810 1608 2834 33⁹
1628 2810 1681 2833 not.
1696 2812 1718 2833 2.
