2106 3061
704 171 855 198 EVGENH
892 171 1144 199 HEXAEMERON
1704 180 1740 209 51

445 266 482 285 485
514 258 659 289 membra
682 257 835 299 pudenda
858 260 951 299 putat
973 260 1108 299 partem,
1134 269 1216 300 quae
1240 262 1290 290 est
1313 261 1410 301 prolis
1435 262 1536 302 origo,

514 313 545 341 et
569 320 632 351 qua
655 310 774 341 ventris
801 312 870 341 erat
892 309 1018 351 pridem
1042 309 1180 351 digestio
1204 312 1315 352 turpis.

513 361 661 393 omnibus
686 371 729 392 ex
752 361 905 392 membris
929 372 1002 402 pars
1026 361 1176 393 mundior
1198 363 1271 404 ipsa
1293 366 1433 405 putatur,

362 414 412 441 370
516 413 614 445 noxia
639 413 707 444 sola
731 413 834 453 magis
858 413 964 443 fuerat
988 423 1070 454 quae
1094 414 1126 444 in
1150 423 1285 455 corpore
1309 418 1387 447 toto.

515 476 551 496 os
575 465 680 496 aditus
704 465 815 495 mortis
840 467 915 495 tune
939 465 1072 505 protulit
1096 467 1193 505 atque
1218 465 1343 506 redegit

445 523 483 542 490
513 517 625 558 lingua
647 516 837 555 malisuada,
862 516 919 546 sed
943 519 976 547 et
999 526 1094 547 aures
1119 516 1229 547 limina
1252 518 1371 548 mortis.

515 568 641 599 viderat
664 567 867 609 omnipotens
891 567 1055 598 hominem
1079 567 1231 598 didicisse
1254 568 1421 609 pudorem,

514 619 702 662 perdiderat
726 629 821 661 quem
846 619 958 650 fraude
983 620 1074 658 truci,
1100 619 1303 661 dapibusque
1328 620 1464 652 comesis

360 672 410 698 375
516 674 660 702 errantes
684 681 743 712 per
766 674 859 712 prata
883 681 955 701 reos
979 670 1131 712 foliisque
1156 674 1305 712 tegentes

514 722 670 754 fecundos
695 725 802 753 artus:
829 722 907 753 dant
931 722 1042 763 agnita
1066 722 1212 753 membra
1236 726 1370 761 reatum,

446 780 483 799 495
514 773 672 804 inlicitum
696 774 816 805 iustum
840 776 992 815 reputant
1018 773 1205 815 licitumque
1229 774 1374 815 profecto

516 825 658 856 creditur
683 835 755 856 esse
778 825 883 856 nefas.
930 825 988 856 hos
1014 825 1162 866 increpat
1185 835 1239 856 ore
1263 827 1388 857 tonanti

515 877 702 918 sacrilegos,
727 877 781 918 qui
805 877 876 908 iura
899 876 950 907 dei
975 877 1129 908 calcando
1154 877 1335 918 profanant,

362 928 413 956 380
519 929 594 960 dum
618 932 778 970 quaerunt
800 929 882 960 ullas
906 929 990 960 foliis
1014 929 1066 960 vel
1090 939 1169 970 rupe
1193 929 1346 969 latebras,

516 981 589 1012 hinc
613 981 716 1022 magis
742 981 882 1019 obtunsi⁷
907 980 991 1022 quod
1016 980 1151 1011 credunt
1174 991 1271 1022 posse
1295 981 1396 1011 latere

448 1039 485 1057 ⁵⁰0
515 1036 590 1064 tunc
615 1032 828 1074 quodcunque
852 1032 958 1071 deum⁷
984 1032 1035 1063 eui
1059 1035 1173 1063 cuncta
1199 1035 1308 1063 creata
1331 1035 1513 1074 patescunt,

518 1088 550 1115 et
572 1085 695 1123 merito,
721 1084 794 1125 quia
819 1087 934 1115 cuncta
958 1084 1035 1115 facit
1059 1084 1200 1125 fecitque
1224 1084 1376 1115 iubendo.

517 1146 581 1167 non
605 1136 688 1177 fugit
713 1136 879 1174 artificem,
905 1135 1028 1166 calidos
1053 1145 1135 1177 quae
1160 1146 1269 1167 massa
1292 1136 1436 1166 caminos

363 1188 414 1214 385
519 1188 687 1226 sustineat,
711 1187 825 1229 rubigo
848 1187 955 1218 latens
980 1198 1061 1228 quae
1086 1188 1211 1219 viscera
1235 1188 1310 1219 ferri

519 1239 685 1277 conrodat,
710 1249 793 1280 quae
817 1239 917 1270 missa
940 1240 1041 1270 semel
1065 1239 1195 1270 fornace
1219 1240 1391 1280 liquescat:

448 1298 483 1318 505
516 1291 568 1322 hic
591 1301 656 1322 non
680 1291 814 1322 defossa
835 1290 940 1332 prodit
965 1291 1080 1322 tellure
1104 1291 1247 1328 metalla,

517 1343 710 1385 promittens
735 1343 822 1374 saxis
847 1346 879 1374 et
902 1353 965 1374 non
990 1342 1029 1373 de
1053 1343 1185 1384 pulvere
1209 1353 1367 1384 gemmas;

518 1395 578 1426 scit
603 1394 718 1436 quibus
742 1395 884 1425 inmittat
908 1394 1075 1426 mordaces
1100 1395 1250 1425 fluctibus
1274 1394 1385 1425 hamos

363 1446 413 1474 390
518 1446 640 1478 retibus
666 1449 721 1478 aut
744 1447 851 1488 pisces
875 1446 968 1477 fallat
991 1449 1151 1477 scrutator
1175 1456 1330 1488 aquarum

520 1502 553 1530 et
575 1499 659 1531 male
684 1502 837 1530 venturas
863 1498 1001 1540 spondet
1025 1498 1084 1529 sibi
1107 1501 1206 1530 nauta
1230 1498 1405 1540 procellas;

451 1558 488 1576 510
519 1551 546 1582 si
568 1551 719 1593 pluvialis
743 1550 847 1581 hiems
873 1553 927 1582 aut
951 1561 1068 1581 saxeus
1092 1553 1207 1591 urgeat
1230 1550 1335 1581 imber

519 1613 583 1633 non
607 1603 687 1633 latet
710 1602 878 1643 agricolis;
905 1601 963 1632 sub
989 1602 1084 1632 terris
1108 1601 1258 1643 providus
1283 1600 1388 1631 undae

518 1654 678 1695 promittit
701 1653 806 1684 fontes
831 1653 1004 1695 designans
1029 1656 1104 1684 ante
1130 1663 1279 1694 saporem

365 1704 415 1731 395
519 1705 664 1746 inspecta
687 1705 804 1736 tellure
829 1705 938 1743 semel,
966 1705 1034 1736 sine
1059 1705 1188 1736 flatibus
1212 1705 1303 1741 ullis;

521 1757 616 1788 sibila
639 1756 715 1787 dum
738 1757 875 1788 reticent
899 1756 1037 1787 necdum
1061 1759 1210 1798 serpente
1235 1759 1344 1787 notato

452 1816 488 1834 515
520 1808 677 1850 praedicit
701 1808 814 1839 suillus
838 1809 901 1839 vim
927 1809 1159 1849 cuiuscumque
1184 1808 1315 1843 veneni;

521 1860 614 1902 signa
637 1859 725 1891 videt
748 1859 891 1891 medicus
916 1860 1028 1891 mortis
1054 1859 1246 1901 reducisque
1271 1859 1383 1890 salutis

214 1999 262 2024 371
278 2003 361 2031 potes!
378 2000 432 2024 Hos
451 1999 538 2031 leyisse
551 1998 626 2031 E1c97
647 1999 679 2031 ef.
695 1999 775 2023 Drac.
794 1999 866 2023 codd.
882 1998 926 2022 (⁷13
997 1999 1101 2023 nuditus
1121 1998 1170 2022 FP
1244 1998 1332 2022 redeiit
1355 1996 1432 2027 (corr.
1450 2005 1518 2020 wem.
1531 1998 1546 2020 2
1565 1996 1590 2019 in
1609 1994 1705 2025 reiecit)
1724 1993 1755 2023 F,

112 2045 198 2069 reiecit
217 2044 241 2068 P
256 2044 313 2068 edd.
418 2041 469 2066 372
493 2043 553 2066 mali
582 2043 674 2066 suadas
698 2041 721 2074 (s
744 2042 834 2065 ultima
853 2041 945 2073 delei«)
966 2041 993 2065 F
1088 2040 1137 2065 374
1157 2041 1320 2065 Perdiderant
1339 2040 1410 2071 (FP)
1504 2039 1655 2070 dntibusquc
1675 2037 1724 2061 FP

111 2086 161 2112 376
179 2088 259 2112 Fedos
284 2090 355 2111 artus
375 2085 434 2116 (sic)
452 2085 484 2114 F,
503 2086 613 2110 Fedatos
632 2089 702 2110 artus
722 2085 752 2115 P,
773 2086 825 2109 Iani
845 2085 930 2109 foedos
949 2088 1020 2109 artus
1039 2084 1096 2108 edil.
1190 2083 1239 2108 377
1259 2084 1353 2107 iustum
1373 2083 1420 2113 bis,
1441 2083 1549 2106 alterum
1568 2081 1674 2105 deletum
1693 2080 1726 2103 Μ

112 2129 161 2154 379
179 2131 235 2154 iura
253 2130 285 2154 lei
304 2129 340 2154 F¹
411 2127 460 2152 381
480 2129 576 2153 credun
599 2128 627 2152 F
694 2127 743 2153 382
765 2129 838 2152 Nunc
864 2128 907 2159 (P)
928 2128 983 2152 eald.
1055 2126 1105 2151 384
1124 2128 1173 2151 suit
1191 2127 1223 2150 M
1290 2136 1316 2158 (ις
1336 2126 1381 2156 F1,
1399 2134 1448 2157 que
1468 2125 1506 2149 F²
1592 2124 1641 2148 355
1659 2122 1756 2154 robigol

112 2173 191 2198 abens
210 2172 243 2196 M
308 2173 390 2204 rufigo
409 2171 450 2197 F¹
529 2170 580 2196 386
599 2172 742 2195 Concordat
762 2171 811 2195 FP
879 2180 906 2201 (μ
927 2170 973 2199 F¹,
991 2178 1057 2201 quae
1077 2170 1114 2193 1¹⁷²
1187 2168 1236 2194 387
1256 2170 1323 2193 Hinc
1342 2169 1374 2192 M
1450 2167 1501 2192 390
1518 2171 1564 2192 aut
1583 2176 1629 2191 om.
1642 2166 1673 2196 F,
1693 2169 1717 2190 et
1736 2165 1760 2189 P

147 2215 196 2240 393
215 2216 341 2248 agrocolis
354 2214 379 2246 (o
392 2215 469 2246 prior
487 2215 514 2238 in
533 2215 540 2238 i
554 2214 679 2245 correcta)
693 2214 731 2244 M,
749 2214 873 2246 agricolas
888 2213 937 2237 FI'
1006 2212 1055 2237 394
1075 2217 1132 2237 ante
1147 2213 1183 2243 All,
1202 2217 1255 2237 arte
1269 2212 1300 2243 Γ,
1320 2216 1372 2237 sate
1385 2211 1442 2244 (sic)
1457 2211 1481 2235 P
1547 2208 1596 2234 397
1616 2209 1706 2234 suillus
1720 2208 1756 2239 M,

114 2259 204 2284 siuilus
224 2258 255 2289 F,
274 2258 364 2283 sibilus
383 2257 412 2289 P,
433 2258 466 2290 cf.
480 2257 599 2282 Isidorus
668 2266 768 2282 ueneno
788 2257 824 2281 Ι«η

215 2377 266 2403 372
285 2376 440 2403 malisuada
458 2376 628 2410 compositum
646 2376 756 2402 voluisse
774 2377 869 2409 opinor
889 2375 1054 2408 Enyeniufm,
1079 2383 1133 2400 non
1157 2373 1223 2400 mali
1247 2374 1345 2405 suada,
1367 2372 1527 2406 prodzcccz'sse
1546 2374 1632 2398 autem
1653 2371 1662 2397 i
1679 2372 1709 2397 ob
1728 2380 1757 2397 sv

115 2430 252 2461 sequentes
