2106 3061
734 198 918 225 APPENDIX
939 200 1069 227 IV—XII
1656 210 1716 238 273

471 284 606 324 ‘discite‚
631 285 657 315 si
682 285 797 327 cupitis
822 289 966 317 nostrum
991 288 1180 329 conquirere
1207 299 1332 328 munus,

470 335 578 366 iudicii
606 336 721 367 callem
745 339 832 368 recto
856 348 1043 379 percurrere
1067 340 1203 380 gressu‘.

421 395 436 421 5
473 387 543 428 ipse
567 389 675 418 tamen
700 399 807 419 sacras
833 388 932 420 debes
958 391 1144 431 perquirere
1170 392 1269 432 leges,

471 449 512 470 ex
537 439 653 480 quibus
678 440 834 471 auxilium
860 441 968 472 valcas
993 442 1138 474 conferre
1163 443 1316 475 subactis.

79 559 158 603 (68)
696 563 757 599 IX.
801 563 862 598 DE
889 563 1105 600 IVSTITIA.

470 627 597 659 Iustitia
621 631 722 660 totum
747 639 823 660 cura
847 628 1018 670 disponere
1043 641 1187 671 regnum,

471 680 556 721 quod
580 680 637 711 tibi
662 691 720 712 rex
744 691 856 722 regum
882 681 1042 712 commisit
1066 682 1135 712 iure
1159 682 1346 723 regendum.

470 731 631 762 iudicibus
655 732 737 763 iuste
762 732 879 763 manda
903 732 1073 774 disponere
1099 737 1224 764 cuncta.

470 783 580 814 vivere
605 784 829 825 cunctipotens
855 784 961 814 sanxit
984 785 1133 825 legaliter
1157 796 1279 825 omnes,

418 842 433 868 5
469 845 543 865 nam
569 834 689 876 digitus
712 835 833 866 domini
857 836 964 876 legum
991 846 1128 867 censura
1152 837 1259 878 lapillo

471 886 598 928 scripsit
622 890 654 918 et
678 887 710 917 in
735 887 831 918 cartis
856 887 949 918 iussit
973 887 1149 919 discribere
1173 889 1276 919 terris.

79 1006 156 1048 (69)
634 1009 680 1046 X.
723 1009 782 1044 DE
810 1009 1164 1046 MISERICORDIA.

469 1074 586 1106 Omnia
610 1075 800 1116 praevideat
824 1075 939 1107 sollers
963 1075 1121 1106 industria
1146 1076 1244 1117 regis,

469 1137 587 1168 magna
611 1127 693 1157 ferat
717 1127 841 1168 magnis
866 1130 897 1158 ct
921 1129 1064 1168 praestet
1088 1138 1187 1169 parva
1211 1128 1352 1169 pusillis:

470 1188 534 1209 non
559 1188 668 1210 cesses
692 1178 826 1210 miseros
850 1190 868 1209 a
893 1178 986 1209 famis
1012 1178 1102 1210 clade
1127 1179 1245 1219 levare,

471 1229 498 1260 si
522 1230 611 1272 cupis
635 1230 667 1260 in
691 1230 780 1261 caelo
805 1230 944 1261 fructum
968 1230 1125 1262 mercedis
1150 1231 1283 1262 habere.

419 1291 434 1316 5
471 1281 526 1312 ille
550 1282 616 1323 poli
640 1282 756 1323 poterit
780 1292 913 1323 regnum
938 1282 1157 1314 conscendere
1183 1283 1315 1322 celsum,

470 1334 595 1364 noverit
619 1333 670 1364 hie
695 1334 823 1365 miseris
847 1334 900 1375 qui
925 1334 1052 1375 plenam
1078 1334 1204 1365 tradere
1229 1334 1385 1366 dextram.

76 1452 155 1495 (70)
601 1457 662 1492 XI.
705 1457 764 1492 DE
793 1457 980 1492 DECIMIS
1011 1457 1195 1493 DANDIS.

470 1522 521 1553 Da
544 1522 684 1554 decimas
709 1522 849 1561 domino,
875 1523 1000 1553 tibimet
1024 1523 1076 1563 qui
1101 1524 1192 1564 plura
1217 1524 1345 1565 subegit

469 1585 578 1616 regna,
604 1575 663 1606 tibi
686 1575 823 1616 populos
848 1575 940 1605 iussit
964 1575 1084 1606 servire
1109 1578 1269 1616 potentes.

470 1637 567 1657 aurea
591 1637 668 1657 vasa
692 1626 790 1665 dedit,
814 1626 943 1658 diversa
967 1626 1098 1657 metalla
1122 1627 1255 1668 paravit,

470 1678 624 1720 imposuit
647 1679 783 1719 gemmis
808 1681 953 1709 ornatam
978 1679 1099 1709 vertice
1124 1679 1261 1718 mitram,

417 1738 433 1764 5
470 1730 594 1761 sericeo
620 1730 727 1767 limbo,
752 1741 845 1761 roseo
871 1730 1027 1761 conclusit
1052 1733 1084 1760 et
1107 1733 1203 1769 ostro,

470 1783 595 1813 ornavit
619 1781 762 1813 habitum
786 1782 888 1823 regali
912 1792 1054 1823 purpura
1078 1785 1190 1813 totum.

78 1904 156 1948 (71)
354 1905 431 1941 XII.
475 1906 535 1941 DE
563 1905 820 1941 THESAVRO
848 1905 894 1940 IN
923 1905 1078 1940 CAELO
1107 1905 1437 1941 CONLOCANDO.

471 1972 568 2003 Felix
591 1972 643 2013 qui
668 1963 790 2014 poterit
810 1972 996 2002 thesaurum
1022 1971 1159 2002 condere
1185 1973 1285 2009 caelo,

468 2024 615 2054 clanculo
641 2035 736 2065 quem
760 2025 888 2066 rapiens
914 2028 1054 2065 nequeat
1078 2023 1279 2065 disrumpere
1305 2024 1395 2061 latro7

468 2076 555 2106 tinea
578 2086 637 2107 nec
661 2075 828 2106 maculans
852 2075 959 2105 valeat
983 2075 1157 2105 conrodere
1183 2074 1326 2105 mordax.

468 2130 518 2158 est
542 2127 585 2157 ibi
611 2126 781 2168 praedives
807 2127 938 2157 nimium
964 2127 1135 2157 thesaurus
1160 2129 1192 2157 et
1216 2126 1341 2167 ingens,

417 2187 432 2212 5
469 2179 635 2220 angelicus
659 2179 751 2220 panis
776 2182 932 2220 potusque
958 2181 989 2208 et
1013 2179 1078 2209 vita
1101 2178 1263 2219 perennis,

470 2230 634 2261 sufficiens
659 2231 782 2261 cunctis
806 2241 864 2271 per
887 2229 1022 2271 grandia
1046 2230 1175 2261 saecula
1199 2230 1300 2260 iustis.

178 2321 194 2346 6
213 2323 326 2348 subactis
344 2325 399 2357 fere
418 2325 556 2350 abstersum
576 2325 608 2348 M

181 2372 247 2406 [IX]
284 2374 300 2399 ‘2
319 2377 417 2402 comisit
439 2378 494 2402 iure
514 2378 549 2407 ΙΙΙ,
574 2378 678 2402 commis
702 2378 749 2402 rite
771 2377 791 2401 G
876 2377 891 2401 5
911 2378 962 2401 lam
983 2376 1004 2401 (ῤ’
1089 2376 1104 2400 6
1127 2377 1267 2401 describere
1290 2376 1310 2400 U
1378 2377 1450 2400 terris
1470 2376 1527 2406 MC,
1550 2377 1640 2400 uestris
1658 2376 1715 2400 edd.

181 2425 226 2458 [X]
264 2426 279 2450 2
299 2428 364 2453 ferat
382 2430 462 2461 magis
482 2430 513 2453 JI
596 2429 612 2453 3
631 2431 667 2454 Ac
690 2430 765 2454 samis
788 2430 852 2453 haut
875 2430 979 2453 miseros
998 2437 1080 2453 cesses
1099 2436 1114 2452 a
1133 2428 1204 2453 clade
1223 2428 1312 2452 leuare
1334 2429 1355 2452 (ζ’
1438 2428 1454 2451 5
1474 2429 1545 2460 regni
1569 2437 1589 2452 c.
1611 2428 1676 2452 celsa
1698 2428 1719 2451 (l

111 2467 126 2492 6
145 2469 272 2494 dexteram
293 2471 323 2494 M
391 2473 440 2503 Qui
460 2473 557 2497 miseris
575 2474 641 2497 norit
660 2473 760 2505 plenam
780 2473 828 2496 iani
848 2481 952 2504 porgere
971 2473 1085 2496 dextram
1109 2471 1129 2494 C

182 2519 244 2552 [XI]
282 2531 328 2548 om.
344 2524 366 2547 C
438 2523 453 2548 3
472 2525 540 2549 dedit
559 2533 610 2556 eqo,
629 2525 723 2556 adpetit
742 2524 771 2548 M
850 2524 865 2547 5
885 2525 983 2548 Serio-20
1003 2524 1079 2548 umbo
1099 2532 1149 2555 effu,
1169 2524 1257 2547 ,sn-icio
1277 2523 1359 2547 lembo
1379 2523 1420 2551 M,-
1439 2524 1472 2554 cs:
1487 2522 1563 2546 uum.
1577 2523 1619 2546 [at.
1633 2524 1688 2552 390,
1702 2523 1717 2545 3

78 2563 200 2588 sericeum
218 2568 319 2596 tegmen
407 2566 422 2590 6
441 2568 520 2599 regali
538 2576 589 2599 eya,
608 2568 702 2599 regalis*
721 2567 753 2591 M

183 2614 262 2649 [XII]
300 2618 483 2643 conlocandum
509 2619 535 2643 in
558 2619 629 2643 titulo
651 2619 683 2642 M
766 2618 781 2642 3
801 2627 847 2643 nec
868 2618 894 2648 C,
914 2626 944 2642 ue
964 2618 994 2641 Μ
1080 2616 1095 2642 4
1114 2618 1159 2642 Est
1182 2618 1227 2641 tibi
1246 2617 1302 2641 edd.
1374 2617 1495 2640 thesauru
1515 2616 1546 2639 M
1629 2615 1644 2639 ἴ)
1664 2624 1716 2647 per-

79 2657 167 2682 hennis
188 2658 209 2682 C
291 2660 306 2686 G
325 2661 413 2693 gradia
433 2661 465 2685 M

181 2744 272 2778 [vul]
309 2746 325 2771 4
344 2744 510 2777 'l'hcodnlfzts
522 2749 611 2771 contra
626 2746 722 2772 iudices
731 2747 777 2779 (X
786 2746 857 2771 VIII
866 2746 950 2771 PMA
966 2746 1019 2778 lp.
1036 2746 1094 2775 493)
1110 2750 1121 2771 1
1141 2744 1239 2770 ludicii
1256 2744 1353 2769 vallem
1369 2751 1492 2768 censores
1509 2742 1633 2775 prendite
1651 2742 1714 2767 insti

181 2804 263 2837 [ΧΠ]
301 2805 312 2831 l
332 2806 365 2836 cf.
380 2805 444 2832 Luc.
459 2809 496 2838 12,
509 2809 547 2832 33.
578 2806 649 2839 Very.
665 2814 746 2839 ywty.
761 2810 782 2838 ἱ),
798 2811 847 2832 490
868 2805 932 2833 felix
952 2805 998 2839 qui
1021 2804 1115 2838 potuit

180 2858 340 2885 Scml‘ronsss
359 2860 546 2890 Aurmuxssuxu
564 2861 623 2886 XIV
637 2860 657 2887 1,
1477 2854 1510 2879 35
