2106 3061
358 194 416 223 ¹10
857 187 1057 215 DRAcox'ru
1093 187 1140 214 DE
1159 187 1338 215 LAVDIBVS
1356 187 1414 214 DEI
1452 187 1491 214 111

683 285 737 315 (-)
765 275 905 318 pallidus
929 279 961 307 et
984 276 1086 307 macie
1110 276 1275 307 confectus
1300 278 1431 317 pectora
1455 274 1566 306 tundo.

685 337 740 368 (—)
766 337 807 359 eu
830 328 968 369 genibus
991 327 1097 359 curvis
1121 327 1245 370 palmas
1268 326 1409 358 extendo
1433 326 1576 369 supinas,

611 387 664 413 650
687 387 743 419 (-)
767 389 838 410 cum
864 379 1011 410 manibus
1035 379 1092 410 tibi
1118 379 1221 410 vincla
1246 378 1317 409 levo
1342 377 1498 409 stridente
1522 380 1645 409 catena.

685 439 740 471 (—)
762 431 903 462 carceris
928 431 1103 470 horrorem,
1127 429 1311 472 suspendia,
1336 429 1472 461 verbera
1495 439 1612 471 passus

688 490 744 521 (-)
765 482 1006 524 obscenamque
1031 482 1159 520 famem,
1184 491 1278 523 quam
1303 481 1406 512 maior
1428 481 1527 512 traxit
1550 483 1693 522 egestas,

686 542 741 572 (-)
764 544 815 565 me
839 534 1003 572 miserum,
1027 537 1147 575 quanto
1171 532 1274 564 cecidi
1299 531 1337 563 de
1362 531 1502 564 culmine
1527 531 1655 575 lapsus!

686 594 741 623 (—›
765 584 818 617 ille
844 585 930 627 (ego)
957 585 1010 627 qui
1034 584 1194 627 quondam
1218 584 1398 616 retinebam
1422 584 1491 615 iura
1515 586 1652 626 togatus,

700 645 742 676 —)
766 637 870 668 exemi
895 636 935 668 de
959 640 1060 667 morte
1086 646 1169 675 reos,
1194 635 1385 677 patrimonia
1409 634 1504 666 nudis

701 696 743 726 -)
765 686 893 719 divitias
916 698 990 720 mea
1013 687 1122 729 lingua
1145 687 1235 718 dedit
1259 687 1429 729 rapuitque
1453 687 1577 718 tenenti

611 643 662 669 «355

765 749 801 770 ac
827 739 943 770 servile
968 739 1077 780 iugum
1101 739 1151 770 vel
1175 738 1335 770 libertatis
1359 738 1532 770 honorem:

809 801 882 822 nam
907 790 990 832 quod
1015 795 1069 822 tua
1093 789 1274 821 accusando
1298 789 1341 821 dii
1364 789 1518 821 defensor
1540 790 1659 827 amavi;

767 842 962 884 inpunitates
986 842 1130 874 vendens
1153 851 1340 884 poenasque
1365 845 1538 874 nocentum

767 894 991 936 insontumque
1016 894 1110 925 simul
1134 893 1238 935 pretio
1263 892 1381 924 delicta
1407 893 1500 935 coegi

765 945 804 976 ad
829 950 926 988 caput
948 945 968 982 ’1-
991 945 1064 977 hinc
1089 945 1163 976 inde
1187 955 1304 984 meum,
1328 943 1443 987 quibus
1467 945 1640 987 opprimor,
1664 946 1751 979 olim.

769 1007 853 1028 nunc
878 1001 986 1029 tamen
1010 997 1125 1039 agnovi
1151 998 1219 1029 sino
1244 1000 1275 1028 te
1300 997 1344 1028 nil
1367 1006 1466 1039 posse
1490 998 1613 1029 moveri

764 1049 884 1090 grande
909 1049 959 1081 vel
983 1050 1147 1091 exiguum,
1171 1048 1312 1080 medium
1329 1048 1563 1091 minimumque
1583 1050 1791 1092 profundum:

767 1101 807 1132 da
829 1101 906 1132 mihi
931 1102 993 1132 iam
1018 1102 1153 1139 veniam,
1178 1101 1275 1132 finem
1300 1100 1444 1133 concede
1468 1101 1636 1142 malorum,

766 1153 894 1184 vincula
917 1153 1005 1185 solve
1030 1162 1111 1191 mea,
1136 1152 1311 1184 stridentes
1335 1152 1450 1195 frange
1475 1155 1615 1192 catenas,

732 747 742 780 )

732 799 787 830 )

732 851 741 878 )

611 901 662 928 σεῖο
733 902 742 933 )

700 952 740 985 -)

700 1005 742 1037 -)

729 1057 738 1089 )

731 1109 740 1141 )

698 1162 783 1193 -)γ

731 1212 740 1243 )
765 1205 849 1246 pelle
874 1205 1001 1244 famem,
1025 1204 1170 1236 disclude
1194 1205 1288 1244 sitim,
1313 1215 1486 1247 compesce
1509 1204 1648 1247 dolores,

731 1264 740 1296 )
766 1267 784 1287 ο

732 1317 741 1349 )

731 1369 740 1400 )

701 1421 741 1451 -)

732 1472 742 1504 )

734 1523 743 1554 )

732 1575 740 1605 )

732 1627 740 1657 )

733 1677 743 1710 )

612 1160 662 1186 665

788 1267 859 1288 mne
885 1257 969 1299 quod
992 1257 1107 1288 admisi
1130 1257 1256 1288 facinus
1279 1257 1465 1299 crimenque
1489 1258 1614 1290 relaxa.

766 1309 829 1340 iam
853 1309 1008 1341 miserere
1031 1309 1105 1348 mei,
1130 1308 1278 1340 custodia
1300 1309 1398 1351 longa
1420 1309 1537 1352 fatigat

767 1361 849 1392 inter
871 1361 1062 1392 anhelantes
1085 1361 1224 1402 gemitus
1249 1360 1424 1403 cladesque
1448 1361 1591 1394 diurnas.

766 1412 810 1442 nil
832 1417 908 1454 peto
933 1411 1065 1444 difficile
1089 1413 1180 1454 (spes
1205 1416 1254 1444 est
1276 1412 1353 1444 mihi
1377 1423 1474 1455 posse
1497 1414 1641 1456 mereri),

766 1464 810 1494 nil
835 1464 919 1503 licet
944 1464 1162 1506 omnipotens,
1186 1474 1244 1506 per
1267 1465 1398 1496 saecula
1422 1469 1539 1497 cuncta
1561 1466 1706 1508 profecto

769 1515 810 1545 sit
833 1515 891 1546 tibi
917 1515 1064 1548 difficile:
1087 1516 1211 1557 prosint
1233 1515 1312 1547 mihi
1335 1519 1428 1548 tanta
1450 1516 1589 1559 flagella,

765 1566 805 1597 ad
830 1567 958 1598 veniam
981 1567 1023 1598 sit
1046 1577 1152 1609 poena
1175 1567 1282 1604 ferax;
1307 1568 1494 1600 meminisse
1519 1568 1641 1601 iuvabit

767 1628 839 1649 cum
863 1619 934 1660 pius
956 1618 1105 1661 indulges
1129 1622 1162 1651 et
1184 1619 1266 1651 haec
1290 1619 1331 1651 ad
1354 1619 1472 1661 gaudia
1494 1620 1666 1653 transfers:

767 1670 855 1711 erige
879 1674 1085 1712 prostratum,
1111 1670 1242 1711 vindex,
1267 1670 1388 1703 adtolle
1412 1672 1574 1704 iacentem

734 1729 743 1760 )
767 1724 800 1752 et
823 1731 939 1764 repar»
962 1722 1125 1754 adflictum
1150 1723 1206 1754 tali
1230 1723 1289 1754 sub
1314 1722 1407 1755 clade
1431 1723 1599 1757 malorum.

687 1781 729 1811 (-
732 1781 741 1812 )
767 1782 849 1814 quae
873 1783 931 1815 per
954 1784 1005 1805 me
1030 1774 1156 1813 cecidit,
1180 1785 1239 1816 per
1262 1777 1294 1806 te
1318 1785 1394 1817 spes
1417 1778 1526 1807 nostra
1550 1779 1709 1818 resurgat.

686 1831 745 1864 (ωε)
767 1834 900 1856 munera
924 1826 1099 1868 percipiam
1123 1826 1242 1858 domini
1266 1826 1423 1858 redeunte
1446 1827 1557 1859 favore

613 1887 663 1912 (315)
767 1876 917 1918 quicquid
941 1887 1052 1908 amara
1075 1877 1143 1909 dies
1166 1888 1389 1920 quaecumque
1408 1878 1466 1920 (et)
1484 1882 1630 1921 tempora
1646 1878 1796 1922 dempsit.

613 1939 663 1964 687
768 1929 873 1960 lucida
897 1928 1007 1968 redde,
1031 1939 1154 1971 precor,
1179 1930 1232 1971 qui
1255 1933 1403 1973 tempora
1427 1930 1590 1962 subtrahis
1613 1930 1674 1963 Job

614 1419 666 1444 670

688 644 695 675 (

687 697 729 726 (-

685 748 727 778 (-

685 799 729 830 (-

685 850 728 881 (-

688 903 728 933 (-

686 956 728 985 (-

687 1007 729 1036 (—

685 1057 725 1089 (-

686 1111 728 1139 (-

685 1160 728 1192 (-

685 1213 728 1243 (-

685 1264 728 1296 (-

688 1317 728 1348 (-

687 1370 728 1399 (-

688 1419 730 1451 (-

687 1472 728 1504 (-

689 1524 732 1553 (-

685 1575 728 1606 (-

686 1626 728 1657 (-

613 1676 731 1709 675(-

685 1727 728 1760 (-

359 2021 384 2045 in
406 2021 427 2045 C
443 2019 567 2044 tus—61.
589 2018 698 2044 664-9.
717 2016 819 2043 (iu-8
906 2017 931 2042 ἱιι
952 2017 976 2042 Δ
996 2017 1104 2043 648-9.
1125 2017 1237 2044 662-4.
1256 2017 1374 2044 666-77

461 2070 512 2095 649
532 2072 568 2095 En
589 2071 620 2101 A,
641 2071 671 2094 Et
693 2071 713 2094 t*
797 2069 845 2094 651
866 2070 1003 2102 suspendia
1022 2074 1046 2095 et
1066 2070 1092 2099 C,
1115 2074 1140 2095 et
1158 2070 1208 2095 del.
1223 2070 1310 2103 Meyer
1397 2069 1447 2095 653
1465 2076 1562 2103 quanta
1582 2071 1608 2101 0,
1627 2080 1694 2097 corr.
1713 2071 1801 2105 Meyer·
1887 2070 1937 2098 654
1955 2080 2002 2105 ego

359 2123 406 2139 om.
422 2115 449 2144 ⁴1,
471 2114 533 2138 adil.
555 2114 638 2146 Meyer
709 2114 773 2137 iuret
792 2113 900 2145 ‘rogatus
921 2112 947 2141 C,
967 2113 1023 2137 iura
1041 2113 1120 2145 togati
1138 2113 1226 2146 Meyer
1312 2112 1362 2139 657
1381 2114 1438 2139 Hae
1459 2114 1481 2139 0
1564 2114 1615 2140 658
1632 2119 1660 2140 ut
1677 2115 1787 2147 exhibui,
1803 2114 1834 2144 Ο,-
1852 2115 1916 2141 Nam
1935 2115 2003 2148 quod

359 2163 386 2181 tu
406 2165 520 2185 accusas,
538 2157 633 2181 dudum
647 2156 762 2180 defensor
779 2156 864 2180 amavi
881 2155 973 2188 Meyer,
993 2157 1109 2188 Namque
1129 2161 1173 2181 tua
1187 2157 1332 2182 accusando
1346 2157 1416 2182 aliud
1429 2158 1453 2182 d.
1466 2166 1488 2182 a.
1503 2157 1636 2188 Biiclieler,
1656 2158 1719 2183 Nam
1735 2158 1802 2190 quod
1821 2159 1847 2183 in
1860 2158 2002 2184 accusando

360 2201 399 2224 odi
419 2200 441 2224 d.
455 2208 477 2224 a.
498 2199 633 2231 liunslwry:
660 2200 715 2223 Non
734 2203 757 2223 te
776 2199 920 2223 accusando
940 2207 986 2223 nec
1010 2203 1033 2224 te
1052 2200 1169 2224 defensor
1192 2201 1277 2225 amavi
1295 2201 1443 2232 scriberem,
1465 2201 1516 2225 nisi
1539 2201 1685 2233 suspicarer
1709 2202 1882 2226 centenarium
1905 2209 1935 2226 m:
1957 2209 2002 2226 suo

359 2251 428 2267 more
447 2243 510 2267 dnus
532 2243 686 2267 cunum-isse
710 2251 795 2267 versus
890 2241 940 2267 660
964 2242 1164 2275 1nsontemq(ue)
1190 2243 1215 2274 C,
1239 2252 1306 2268 corr.
1326 2244 1414 2276 dleyer
1484 2244 1575 2270 delicto
1600 2244 1627 2277 C,
1646 2253 1713 2270 corr.
1730 2244 1818 2277 dleyer
1891 2243 1941 2269 661
1963 2243 2004 2269 Ad

363 2290 439 2317 capnt
460 2283 546 2317 (hacc)
567 2286 625 2310 irinc
646 2285 740 2318 Meyer,
759 2285 797 2310 Ad
817 2290 893 2317 caput
913 2284 959 2318 (et)
981 2286 1039 2310 hinc
1058 2286 1184 2311 Biiclreler
1265 2292 1325 2319 post
1343 2286 1392 2312 661
1411 2288 1522 2320 sortasse
1548 2288 1617 2313 deest
1641 2288 1764 2313 sententia
1786 2287 1883 2319 qualis:
1908 2295 2004 2320 ”rayno

360 2328 459 2359 quidem
478 2329 592 2360 all'ccmri
606 2328 715 2360 yion-inm
735 2328 883 2360 divitiasque
897 2329 1014 2360 petendo,
1035 2338 1102 2354 nunc
1121 2334 1205 2355 tamen
1225 2338 1274 2362 eqe.
1353 2329 1404 2355 662
1424 2331 1487 2355 nihil
1507 2331 1531 2356 A
1612 2330 1664 2357 664
1682 2332 1807 2357 malorum
1821 2330 1854 2362 A,
1873 2331 1970 2356 malurn
1983 2329 2006 2355 G

395 2370 445 2395 666
464 2371 576 2395 discinde
595 2380 650 2403 ‘⁸:1⁰1
674 2371 771 2396 discute
796 2372 831 2403 A,
857 2372 963 2397 exclude
984 2374 1005 2397 C
1095 2371 1144 2397 667
1167 2373 1240 2398 amisi
1266 2372 1298 2404 A,
1316 2373 1420 2398 admissi
1441 2373 1463 2397 C
1482 2377 1540 2399 teste
1558 2373 1658 2406 Meyer,
1683 2374 1773 2399 admisi
1797 2374 1882 2399 altera
1899 2374 1907 2399 i
1927 2374 2003 2406 lonqa

360 2413 418 2445 leqit
437 2413 527 2445 Peipcr
622 2413 672 2438 668
691 2415 782 2446 fatigat
801 2414 839 2445 A,
863 2415 954 2447 fatigar
974 2416 995 2439 (ζ’
1087 2415 1138 2441 670
1157 2416 1246 2441 mereri
1265 2424 1322 2448 φο,
1346 2417 1458 2441 misereri
1478 2417 1501 2441 A
1600 2415 1651 2442 673
1674 2425 1756 2450 poena
1774 2418 1846 2442 ferax
1865 2425 1922 2450 eqo,
1939 2424 2003 2450 pene

361 2458 430 2481 fei-ux
453 2457 473 2480 .1
545 2455 594 2482 674
613 2459 676 2481 Cum
697 2458 728 2487 A,
748 2458 800 2482 lam
823 2458 844 2481 (ι’
912 2458 1028 2490 indulges
1048 2467 1100 2491 eqo,
1119 2459 1254 2491 indulgens
1273 2459 1306 2490 A,
1325 2460 1429 2492 indulge
1445 2459 1466 2483 C
1533 2463 1558 2485 et
1576 2460 1640 2485 haee
1658 2468 1712 2493 eqo,
1729 2464 1755 2485 et
1773 2459 1821 2485 hoc
1834 2459 1866 2492 A,
1885 2463 1911 2484 et
1929 2467 1969 2484 me
1983 2457 2005 2483 0

395 2500 515 2524 transfers
536 2500 567 2530 A,
587 2501 695 2524 transfer
713 2500 733 2524 C
819 2500 868 2525 675
888 2502 981 2526 uindex
1002 2502 1029 2532 C,
1053 2502 1119 2527 uude
1139 2502 1163 2526 A
1250 2501 1300 2528 676
1320 2503 1365 2528 tali
1384 2503 1416 2534 A,
1442 2503 1518 2528 talem
1539 2503 1560 2528 0
1645 2502 1694 2528 677
1715 2503 1806 2528 cecidit
1826 2502 1852 2533 C,
1879 2502 1959 2528 cecidi
1977 2501 2002 2527 Δ

361 2543 469 2573 resurgit
491 2551 557 2567 corr.
576 2542 601 2566 in
621 2548 662 2567 -at
687 2543 707 2566 ,Ι
796 2543 846 2567 678
869 2545 976 2569 Munera
1003 2543 1184 2577 p(er)cipia(m)
1209 2545 1239 2573 ΙΙ,
1264 2546 1369 2571 Munere
1392 2545 1583 2579 p(rae)eipuum
1612 2546 1633 2571 0
1717 2544 1768 2571 679
1794 2546 1857 2570 fides
1879 2544 1957 2577 (corr.
1975 2545 2003 2570 in

361 2585 414 2609 dics
435 2585 481 2616 11²²)
504 2585 710 2617 quncnhnlqiiw)
736 2586 857 2618 tcinp(ns·)
881 2585 955 2611 ‹li-isit
975 2588 1071 2617 (derisit
1090 2588 1132 2618 M)
1152 2588 1188 2618 R,
1211 2588 1323 2617 currenti:
1345 2589 1398 2613 dios
1417 2589 1596 2622 quodcumque
1615 2593 1641 2614 et
1659 2593 1759 2622 tempus
1777 2589 1873 2614 ademit
1890 2588 2002 2613 Arevalo

394 2637 430 2652 rr.
443 2626 579 2652 «iao—586
595 2633 652 2659 1¹⁰⁸!
671 2627 718 2652 767
737 2629 820 2659 posui!
840 2629 950 2654 Aternio
1037 2629 1086 2655 687
1108 2631 1203 2655 Lucida
1225 2631 1252 2654 ᾸΙ
1260 2632 1277 2662 ³,
1297 2632 1387 2656 Lucito
1406 2632 1438 2663 B,
1458 2632 1552 2657 Lucem
1571 2631 1692 2663 Aret-alo,
1711 2631 1790 2656 Lucis
1811 2631 1935 2656 meneleu-

464 2695 514 2720 032
540 2695 613 2729 Very.
633 2696 697 2721 Aen.
715 2699 738 2727 3,
751 2698 798 2721 367
819 2695 1020 2730 obscenamque
1043 2698 1142 2724 famem
1167 2698 1285 2732 (Coripp.
1307 2698 1363 2725 ΙοῘι,
1377 2702 1400 2732 8,
1415 2701 1457 2733 29)
1545 2700 1595 2726 654
1615 2699 1659 2726 Ps.
1678 2698 1752 2734 γει-9.
1773 2699 1840 2725 Aen.
1853 2703 1867 2725 1
1884 2698 1933 2726 ille
1951 2705 2002 2732 ego

362 2746 409 2779 qui
429 2747 566 2779 quondam
645 2748 695 2773 656
713 2747 767 2779 suit
786 2756 843 2773 cum
861 2751 985 2781 putarem
1002 2753 1060 2782 post
1080 2751 1130 2776 655
1150 2758 1249 2776 rei-sum
1268 2750 1394 2777 excidisse
1407 2751 1577 2784 incipientem
1595 2751 1628 2777 ab
1645 2750 1764 2784 restitui,
1781 2752 1896 2784 possum
1913 2752 2002 2777 tamen

363 2798 430 2823 inter
447 2806 472 2822 sc
489 2799 587 2831 opponi
607 2797 685 2824 nudis
703 2801 724 2824 e!
745 2799 849 2825 tenenti
938 2801 988 2827 673
1006 2801 1075 2835 Vct-51.
1093 2803 1158 2828 Aen.
1176 2807 1193 2835 1,
1208 2806 1258 2829 203
1277 2803 1368 2829 forsan
1391 2804 1420 2830 et
1438 2803 1506 2830 haec
1526 2803 1593 2830 oliui
1613 2802 1770 2830 meminisse
1790 2801 1900 2829 iuvabit

2080 2175 2097 2238 i

2080 2242 2095 2351 ἕ

2086 2355 2092 2394 i

2068 2525 2097 3061 i
