<?xml version="1.0" encoding="UTF-8"?>
<!DOCTYPE html PUBLIC "-//W3C//DTD XHTML 1.0 Transitional//EN"
    "http://www.w3.org/TR/xhtml1/DTD/xhtml1-transitional.dtd">
<html xmlns="http://www.w3.org/1999/xhtml" xml:lang="en" lang="en">
 <head>
  <title>
</title>
<meta http-equiv="Content-Type" content="text/html;charset=utf-8" />
  <meta name='ocr-system' content='tesseract 3.04.00' />
  <meta name='ocr-capabilities' content='ocr_page ocr_carea ocr_par ocr_line ocrx_word'/>
</head>
<body>
  <div class='ocr_page' id='page_1' title='image "./monumentagermani14geseuoft/monumentagermani14geseuoft_0079.png"; bbox 0 0 2106 3061; ppageno 0'>
   <div class='ocr_carea' id='block_1_1' title="bbox 806 127 1742 162">
    <p class='ocr_par' dir='ltr' id='par_1_1' title="bbox 806 127 1742 162">
     <span class='ocr_line' id='line_1_1' title="bbox 806 127 1742 162; baseline -0.001 -10"><span class='ocrx_word' id='word_1_1' title='bbox 806 127 854 153; x_wconf 78' lang='lat' dir='ltr'>DE</span> <span class='ocrx_word' id='word_1_2' title='bbox 873 127 1026 153; x_wconf 70' lang='lat' dir='ltr'>oumsro</span> <span class='ocrx_word' id='word_1_3' title='bbox 1704 133 1742 162; x_wconf 78' lang='lat'>19</span> 
     </span>
    </p>
   </div>
   <div class='ocr_carea' id='block_1_2' title="bbox 714 379 1115 426">
    <p class='ocr_par' dir='ltr' id='par_1_2' title="bbox 714 379 1115 426">
     <span class='ocr_line' id='line_1_2' title="bbox 714 379 1115 426; baseline 0.005 -2"><span class='ocrx_word' id='word_1_4' title='bbox 714 380 800 424; x_wconf 82' lang='lat' dir='ltr'>DE</span> <span class='ocrx_word' id='word_1_5' title='bbox 833 379 1115 426; x_wconf 85' lang='lat' dir='ltr'>CHRISTO</span> 
     </span>
    </p>
   </div>
   <div class='ocr_carea' id='block_1_3' title="bbox 424 475 1453 1700">
    <p class='ocr_par' dir='ltr' id='par_1_3' title="bbox 489 475 1453 670">
     <span class='ocr_line' id='line_1_3' title="bbox 489 475 1307 517; baseline 0.001 -11"><span class='ocrx_word' id='word_1_6' title='bbox 489 475 602 507; x_wconf 86' lang='lat' dir='ltr'>Proles</span> <span class='ocrx_word' id='word_1_7' title='bbox 626 486 703 507; x_wconf 87' lang='lat' dir='ltr'>vera</span> <span class='ocrx_word' id='word_1_8' title='bbox 727 475 779 506; x_wconf 90' lang='lat' dir='ltr'>dei</span> <span class='ocrx_word' id='word_1_9' title='bbox 803 475 990 516; x_wconf 84' lang='lat' dir='ltr'>cunctisque</span> <span class='ocrx_word' id='word_1_10' title='bbox 1017 477 1181 517; x_wconf 79' lang='lat' dir='ltr'>antiquior</span> <span class='ocrx_word' id='word_1_11' title='bbox 1204 477 1307 515; x_wconf 83' lang='lat' dir='ltr'>annis,</span> 
     </span>
     <span class='ocr_line' id='line_1_4' title="bbox 490 527 1418 569; baseline 0.001 -12"><span class='ocrx_word' id='word_1_12' title='bbox 490 537 575 557; x_wconf 88' lang='lat' dir='ltr'>nunc</span> <span class='ocrx_word' id='word_1_13' title='bbox 599 527 738 568; x_wconf 81' lang='lat' dir='ltr'>genitus,</span> <span class='ocrx_word' id='word_1_14' title='bbox 763 527 817 567; x_wconf 90' lang='lat' dir='ltr'>qui</span> <span class='ocrx_word' id='word_1_15' title='bbox 842 536 970 567; x_wconf 90' lang='lat' dir='ltr'>semper</span> <span class='ocrx_word' id='word_1_16' title='bbox 993 537 1076 565; x_wconf 67' lang='lat' dir='ltr'>eras,</span> <span class='ocrx_word' id='word_1_17' title='bbox 1101 528 1246 568; x_wconf 88' lang='lat' dir='ltr'>lucisque</span> <span class='ocrx_word' id='word_1_18' title='bbox 1271 531 1418 569; x_wconf 81' lang='lat' dir='ltr'>repertor</span> 
     </span>
     <span class='ocr_line' id='line_1_5' title="bbox 493 578 1453 618; baseline 0.001 -10"><span class='ocrx_word' id='word_1_19' title='bbox 493 581 567 609; x_wconf 85' lang='lat' dir='ltr'>ante</span> <span class='ocrx_word' id='word_1_20' title='bbox 591 581 680 608; x_wconf 83' lang='lat' dir='ltr'>tuam</span> <span class='ocrx_word' id='word_1_21' title='bbox 705 578 879 618; x_wconf 83' lang='lat' dir='ltr'>matrisque</span> <span class='ocrx_word' id='word_1_22' title='bbox 904 587 1038 618; x_wconf 88' lang='lat' dir='ltr'>parens;</span> <span class='ocrx_word' id='word_1_23' title='bbox 1065 588 1160 618; x_wconf 88' lang='lat' dir='ltr'>quem</span> <span class='ocrx_word' id='word_1_24' title='bbox 1183 579 1269 608; x_wconf 90' lang='lat' dir='ltr'>misit</span> <span class='ocrx_word' id='word_1_25' title='bbox 1293 579 1333 609; x_wconf 85' lang='lat' dir='ltr'>ab</span> <span class='ocrx_word' id='word_1_26' title='bbox 1358 579 1453 610; x_wconf 87' lang='lat' dir='ltr'>astris</span> 
     </span>
     <span class='ocr_line' id='line_1_6' title="bbox 490 629 1337 670; baseline 0.001 -11"><span class='ocrx_word' id='word_1_27' title='bbox 490 639 675 670; x_wconf 83' lang='lat' dir='ltr'>aequaevus</span> <span class='ocrx_word' id='word_1_28' title='bbox 700 629 827 670; x_wconf 86' lang='lat' dir='ltr'>genitor</span> <span class='ocrx_word' id='word_1_29' title='bbox 850 629 1004 670; x_wconf 87' lang='lat' dir='ltr'>verbique</span> <span class='ocrx_word' id='word_1_30' title='bbox 1028 629 1060 659; x_wconf 92' lang='lat' dir='ltr'>in</span> <span class='ocrx_word' id='word_1_31' title='bbox 1086 629 1209 660; x_wconf 85' lang='lat' dir='ltr'>semina</span> <span class='ocrx_word' id='word_1_32' title='bbox 1232 629 1337 660; x_wconf 89' lang='lat' dir='ltr'>fusum</span> 
     </span>
    </p>

    <p class='ocr_par' dir='ltr' id='par_1_4' title="bbox 434 679 1360 927">
     <span class='ocr_line' id='line_1_7' title="bbox 434 679 1244 720; baseline -0.001 -10"><span class='ocrx_word' id='word_1_33' title='bbox 434 692 445 710; x_wconf 89' lang='lat'><strong>5</strong></span> <span class='ocrx_word' id='word_1_34' title='bbox 489 680 653 720; x_wconf 86' lang='lat' dir='ltr'>virgineos</span> <span class='ocrx_word' id='word_1_35' title='bbox 678 679 825 710; x_wconf 84' lang='lat' dir='ltr'>habitare</span> <span class='ocrx_word' id='word_1_36' title='bbox 851 680 938 710; x_wconf 88' lang='lat' dir='ltr'>sinus</span> <span class='ocrx_word' id='word_1_37' title='bbox 963 682 995 710; x_wconf 89' lang='lat' dir='ltr'>et</span> <span class='ocrx_word' id='word_1_38' title='bbox 1019 680 1160 720; x_wconf 86' lang='lat' dir='ltr'>corporis</span> <span class='ocrx_word' id='word_1_39' title='bbox 1184 680 1244 710; x_wconf 82' lang='lat' dir='ltr'>arti</span> 
     </span>
     <span class='ocr_line' id='line_1_8' title="bbox 489 730 1281 772; baseline 0 -11"><span class='ocrx_word' id='word_1_40' title='bbox 489 731 584 761; x_wconf 87' lang='lat' dir='ltr'>iussit</span> <span class='ocrx_word' id='word_1_41' title='bbox 607 731 688 761; x_wconf 88' lang='lat' dir='ltr'>inire</span> <span class='ocrx_word' id='word_1_42' title='bbox 712 731 781 761; x_wconf 82' lang='lat' dir='ltr'>vias</span> <span class='ocrx_word' id='word_1_43' title='bbox 805 741 969 772; x_wconf 83' lang='lat' dir='ltr'>parvaque</span> <span class='ocrx_word' id='word_1_44' title='bbox 994 731 1026 761; x_wconf 90' lang='lat' dir='ltr'>in</span> <span class='ocrx_word' id='word_1_45' title='bbox 1051 730 1127 761; x_wconf 89' lang='lat' dir='ltr'>sede</span> <span class='ocrx_word' id='word_1_46' title='bbox 1153 731 1281 768; x_wconf 69' lang='lat' dir='ltr'>morari,</span> 
     </span>
     <span class='ocr_line' id='line_1_9' title="bbox 492 782 1360 824; baseline 0.001 -11"><span class='ocrx_word' id='word_1_47' title='bbox 492 793 586 824; x_wconf 90' lang='lat' dir='ltr'>quem</span> <span class='ocrx_word' id='word_1_48' title='bbox 611 782 705 814; x_wconf 86' lang='lat' dir='ltr'>sedes</span> <span class='ocrx_word' id='word_1_49' title='bbox 730 793 794 813; x_wconf 91' lang='lat' dir='ltr'>non</span> <span class='ocrx_word' id='word_1_50' title='bbox 818 783 885 813; x_wconf 84' lang='lat' dir='ltr'>ulla</span> <span class='ocrx_word' id='word_1_51' title='bbox 913 783 1012 824; x_wconf 83' lang='lat' dir='ltr'>capit;</span> <span class='ocrx_word' id='word_1_52' title='bbox 1037 784 1090 824; x_wconf 91' lang='lat' dir='ltr'>qui</span> <span class='ocrx_word' id='word_1_53' title='bbox 1115 783 1234 814; x_wconf 89' lang='lat' dir='ltr'>lumine</span> <span class='ocrx_word' id='word_1_54' title='bbox 1258 784 1360 824; x_wconf 89' lang='lat' dir='ltr'>primo</span> 
     </span>
     <span class='ocr_line' id='line_1_10' title="bbox 489 833 1259 875; baseline 0 -11"><span class='ocrx_word' id='word_1_55' title='bbox 489 834 598 865; x_wconf 87' lang='lat' dir='ltr'>vidisti</span> <span class='ocrx_word' id='word_1_56' title='bbox 622 833 774 875; x_wconf 85' lang='lat' dir='ltr'>quicquid</span> <span class='ocrx_word' id='word_1_57' title='bbox 799 833 916 864; x_wconf 87' lang='lat' dir='ltr'>mundo</span> <span class='ocrx_word' id='word_1_58' title='bbox 941 837 1095 865; x_wconf 82' lang='lat' dir='ltr'>nascente</span> <span class='ocrx_word' id='word_1_59' title='bbox 1121 844 1259 871; x_wconf 77' lang='lat' dir='ltr'>crearas,</span> 
     </span>
     <span class='ocr_line' id='line_1_11' title="bbox 490 885 1311 927; baseline -0.001 -11"><span class='ocrx_word' id='word_1_60' title='bbox 490 886 560 927; x_wconf 84' lang='lat' dir='ltr'>ipse</span> <span class='ocrx_word' id='word_1_61' title='bbox 585 885 704 926; x_wconf 78' lang='lat' dir='ltr'>opifex,</span> <span class='ocrx_word' id='word_1_62' title='bbox 730 896 810 927; x_wconf 90' lang='lat' dir='ltr'>opus</span> <span class='ocrx_word' id='word_1_63' title='bbox 835 885 904 927; x_wconf 86' lang='lat' dir='ltr'>ipse</span> <span class='ocrx_word' id='word_1_64' title='bbox 929 886 988 920; x_wconf 31' lang='lat' dir='ltr'>tui*</span> <span class='ocrx_word' id='word_1_65' title='bbox 1011 885 1161 926; x_wconf 84' lang='lat' dir='ltr'>dignatus</span> <span class='ocrx_word' id='word_1_66' title='bbox 1187 885 1311 926; x_wconf 82' lang='lat' dir='ltr'>iniquas</span> 
     </span>
    </p>

    <p class='ocr_par' dir='ltr' id='par_1_5' title="bbox 425 937 1365 1185">
     <span class='ocr_line' id='line_1_12' title="bbox 425 937 1213 978; baseline -0.001 -10"><span class='ocrx_word' id='word_1_67' title='bbox 425 950 449 968; x_wconf 95' lang='lat'>10</span> <span class='ocrx_word' id='word_1_68' title='bbox 494 937 610 968; x_wconf 80' lang='lat' dir='ltr'>aetatis</span> <span class='ocrx_word' id='word_1_69' title='bbox 634 937 755 967; x_wconf 89' lang='lat' dir='ltr'>sentire</span> <span class='ocrx_word' id='word_1_70' title='bbox 780 937 867 967; x_wconf 86' lang='lat' dir='ltr'>vices</span> <span class='ocrx_word' id='word_1_71' title='bbox 892 940 924 967; x_wconf 88' lang='lat' dir='ltr'>et</span> <span class='ocrx_word' id='word_1_72' title='bbox 949 938 1092 978; x_wconf 86' lang='lat' dir='ltr'>corporis</span> <span class='ocrx_word' id='word_1_73' title='bbox 1117 937 1213 967; x_wconf 90' lang='lat' dir='ltr'>huius</span> 
     </span>
     <span class='ocr_line' id='line_1_13' title="bbox 491 987 1365 1029; baseline -0.001 -10"><span class='ocrx_word' id='word_1_74' title='bbox 491 988 662 1019; x_wconf 80' lang='lat' dir='ltr'>dissimiles</span> <span class='ocrx_word' id='word_1_75' title='bbox 686 988 829 1029; x_wconf 89' lang='lat' dir='ltr'>perferre</span> <span class='ocrx_word' id='word_1_76' title='bbox 855 987 968 1018; x_wconf 90' lang='lat' dir='ltr'>modos</span> <span class='ocrx_word' id='word_1_77' title='bbox 992 988 1220 1029; x_wconf 81' lang='lat' dir='ltr'>hominemque</span> <span class='ocrx_word' id='word_1_78' title='bbox 1246 987 1365 1026; x_wconf 71' lang='lat' dir='ltr'>subire,</span> 
     </span>
     <span class='ocr_line' id='line_1_14' title="bbox 490 1039 1335 1081; baseline -0.001 -11"><span class='ocrx_word' id='word_1_79' title='bbox 490 1042 526 1070; x_wconf 88' lang='lat' dir='ltr'>ut</span> <span class='ocrx_word' id='word_1_80' title='bbox 549 1040 655 1081; x_wconf 86' lang='lat' dir='ltr'>possis</span> <span class='ocrx_word' id='word_1_81' title='bbox 680 1042 860 1070; x_wconf 87' lang='lat' dir='ltr'>monstrare</span> <span class='ocrx_word' id='word_1_82' title='bbox 885 1039 991 1077; x_wconf 79' lang='lat' dir='ltr'>deum,</span> <span class='ocrx_word' id='word_1_83' title='bbox 1016 1049 1055 1069; x_wconf 91' lang='lat' dir='ltr'>ne</span> <span class='ocrx_word' id='word_1_84' title='bbox 1080 1039 1222 1070; x_wconf 87' lang='lat' dir='ltr'>lubricus</span> <span class='ocrx_word' id='word_1_85' title='bbox 1247 1050 1335 1070; x_wconf 82' lang='lat' dir='ltr'>error</span> 
     </span>
     <span class='ocr_line' id='line_1_15' title="bbox 491 1090 1167 1132; baseline -0.001 -10"><span class='ocrx_word' id='word_1_86' title='bbox 491 1094 522 1122; x_wconf 92' lang='lat' dir='ltr'>et</span> <span class='ocrx_word' id='word_1_87' title='bbox 546 1091 682 1132; x_wconf 86' lang='lat' dir='ltr'>decepta</span> <span class='ocrx_word' id='word_1_88' title='bbox 706 1091 760 1121; x_wconf 91' lang='lat' dir='ltr'>diu</span> <span class='ocrx_word' id='word_1_89' title='bbox 784 1091 864 1121; x_wconf 85' lang='lat' dir='ltr'>varii</span> <span class='ocrx_word' id='word_1_90' title='bbox 889 1091 1032 1121; x_wconf 85' lang='lat' dir='ltr'>sollertia</span> <span class='ocrx_word' id='word_1_91' title='bbox 1055 1090 1167 1121; x_wconf 87' lang='lat' dir='ltr'>mundi</span> 
     </span>
     <span class='ocr_line' id='line_1_16' title="bbox 490 1142 1329 1185; baseline -0.001 -12"><span class='ocrx_word' id='word_1_92' title='bbox 490 1146 623 1185; x_wconf 82' lang='lat' dir='ltr'>pectora</span> <span class='ocrx_word' id='word_1_93' title='bbox 646 1146 713 1174; x_wconf 86' lang='lat' dir='ltr'>tam</span> <span class='ocrx_word' id='word_1_94' title='bbox 735 1143 845 1173; x_wconf 89' lang='lat' dir='ltr'>multis</span> <span class='ocrx_word' id='word_1_95' title='bbox 871 1143 994 1173; x_wconf 88' lang='lat' dir='ltr'>sineret</span> <span class='ocrx_word' id='word_1_96' title='bbox 1017 1142 1168 1173; x_wconf 81' lang='lat' dir='ltr'>mortalia</span> <span class='ocrx_word' id='word_1_97' title='bbox 1192 1142 1329 1172; x_wconf 71' lang='lat' dir='ltr'>saeclis·</span> 
     </span>
    </p>

    <p class='ocr_par' dir='ltr' id='par_1_6' title="bbox 424 1194 1304 1441">
     <span class='ocr_line' id='line_1_17' title="bbox 424 1194 1287 1234; baseline -0.002 -9"><span class='ocrx_word' id='word_1_98' title='bbox 424 1207 446 1225; x_wconf 85' lang='lat'>15</span> <span class='ocrx_word' id='word_1_99' title='bbox 491 1198 657 1225; x_wconf 78' lang='lat' dir='ltr'>auctorem</span> <span class='ocrx_word' id='word_1_100' title='bbox 681 1194 808 1225; x_wconf 85' lang='lat' dir='ltr'>nescire</span> <span class='ocrx_word' id='word_1_101' title='bbox 834 1204 941 1229; x_wconf 81' lang='lat' dir='ltr'>suum;</span> <span class='ocrx_word' id='word_1_102' title='bbox 967 1197 998 1224; x_wconf 90' lang='lat' dir='ltr'>te</span> <span class='ocrx_word' id='word_1_103' title='bbox 1024 1194 1152 1224; x_wconf 85' lang='lat' dir='ltr'>conscia</span> <span class='ocrx_word' id='word_1_104' title='bbox 1175 1197 1287 1234; x_wconf 82' lang='lat' dir='ltr'>partus</span> 
     </span>
     <span class='ocr_line' id='line_1_18' title="bbox 489 1245 1304 1286; baseline -0.001 -10"><span class='ocrx_word' id='word_1_105' title='bbox 489 1251 593 1276; x_wconf 81' lang='lat' dir='ltr'>mater</span> <span class='ocrx_word' id='word_1_106' title='bbox 617 1248 648 1276; x_wconf 89' lang='lat' dir='ltr'>et</span> <span class='ocrx_word' id='word_1_107' title='bbox 672 1245 801 1276; x_wconf 79' lang='lat' dir='ltr'>attoniti</span> <span class='ocrx_word' id='word_1_108' title='bbox 824 1245 983 1286; x_wconf 82' lang='lat' dir='ltr'>pecudum</span> <span class='ocrx_word' id='word_1_109' title='bbox 1009 1255 1139 1276; x_wconf 82' lang='lat' dir='ltr'>sensere</span> <span class='ocrx_word' id='word_1_110' title='bbox 1165 1245 1304 1284; x_wconf 79' lang='lat' dir='ltr'>timores,</span> 
     </span>
     <span class='ocr_line' id='line_1_19' title="bbox 489 1296 1226 1328; baseline 0 -1"><span class='ocrx_word' id='word_1_111' title='bbox 489 1300 522 1328; x_wconf 92' lang='lat' dir='ltr'>te</span> <span class='ocrx_word' id='word_1_112' title='bbox 546 1307 631 1328; x_wconf 84' lang='lat' dir='ltr'>nova</span> <span class='ocrx_word' id='word_1_113' title='bbox 655 1297 793 1328; x_wconf 90' lang='lat' dir='ltr'>sollicito</span> <span class='ocrx_word' id='word_1_114' title='bbox 817 1297 998 1327; x_wconf 83' lang='lat' dir='ltr'>lustrantes</span> <span class='ocrx_word' id='word_1_115' title='bbox 1023 1296 1130 1327; x_wconf 85' lang='lat' dir='ltr'>sidera</span> <span class='ocrx_word' id='word_1_116' title='bbox 1155 1297 1226 1327; x_wconf 89' lang='lat' dir='ltr'>visu</span> 
     </span>
     <span class='ocr_line' id='line_1_20' title="bbox 491 1348 1216 1389; baseline -0.001 -10"><span class='ocrx_word' id='word_1_117' title='bbox 491 1349 524 1379; x_wconf 87' lang='lat' dir='ltr'>in</span> <span class='ocrx_word' id='word_1_118' title='bbox 548 1349 638 1380; x_wconf 82' lang='lat' dir='ltr'>caelo</span> <span class='ocrx_word' id='word_1_119' title='bbox 662 1348 773 1379; x_wconf 86' lang='lat' dir='ltr'>videre</span> <span class='ocrx_word' id='word_1_120' title='bbox 798 1349 885 1389; x_wconf 86' lang='lat' dir='ltr'>prius</span> <span class='ocrx_word' id='word_1_121' title='bbox 912 1348 1085 1388; x_wconf 86' lang='lat' dir='ltr'>lumenque</span> <span class='ocrx_word' id='word_1_122' title='bbox 1111 1348 1216 1379; x_wconf 85' lang='lat' dir='ltr'>secuti</span> 
     </span>
     <span class='ocr_line' id='line_1_21' title="bbox 491 1399 1234 1441; baseline -0.001 -11"><span class='ocrx_word' id='word_1_123' title='bbox 491 1401 645 1431; x_wconf 88' lang='lat' dir='ltr'>invenere</span> <span class='ocrx_word' id='word_1_124' title='bbox 669 1401 772 1441; x_wconf 77' lang='lat' dir='ltr'>magi;</span> <span class='ocrx_word' id='word_1_125' title='bbox 798 1403 833 1430; x_wconf 90' lang='lat' dir='ltr'>tu</span> <span class='ocrx_word' id='word_1_126' title='bbox 857 1400 954 1430; x_wconf 82' lang='lat' dir='ltr'>noxia</span> <span class='ocrx_word' id='word_1_127' title='bbox 978 1404 1111 1440; x_wconf 84' lang='lat' dir='ltr'>pectora</span> <span class='ocrx_word' id='word_1_128' title='bbox 1136 1399 1234 1430; x_wconf 85' lang='lat' dir='ltr'>solvis</span> 
     </span>
    </p>

    <p class='ocr_par' dir='ltr' id='par_1_7' title="bbox 424 1450 1376 1700">
     <span class='ocr_line' id='line_1_22' title="bbox 424 1450 1341 1493; baseline -0.002 -10"><span class='ocrx_word' id='word_1_129' title='bbox 424 1464 448 1483; x_wconf 79' lang='lat'>20</span> <span class='ocrx_word' id='word_1_130' title='bbox 494 1452 687 1493; x_wconf 82' lang='lat' dir='ltr'>elapsasque</span> <span class='ocrx_word' id='word_1_131' title='bbox 712 1451 836 1481; x_wconf 82' lang='lat' dir='ltr'>animas</span> <span class='ocrx_word' id='word_1_132' title='bbox 862 1451 894 1481; x_wconf 89' lang='lat' dir='ltr'>in</span> <span class='ocrx_word' id='word_1_133' title='bbox 919 1461 1053 1491; x_wconf 86' lang='lat' dir='ltr'>corpora</span> <span class='ocrx_word' id='word_1_134' title='bbox 1076 1450 1188 1481; x_wconf 82' lang='lat' dir='ltr'>functa</span> <span class='ocrx_word' id='word_1_135' title='bbox 1210 1450 1341 1481; x_wconf 82' lang='lat' dir='ltr'>reducis</span> 
     </span>
     <span class='ocr_line' id='line_1_23' title="bbox 492 1502 1248 1543; baseline -0.004 -9"><span class='ocrx_word' id='word_1_136' title='bbox 492 1506 524 1534; x_wconf 86' lang='lat' dir='ltr'>et</span> <span class='ocrx_word' id='word_1_137' title='bbox 546 1504 646 1533; x_wconf 88' lang='lat' dir='ltr'>vitam</span> <span class='ocrx_word' id='word_1_138' title='bbox 669 1512 816 1533; x_wconf 86' lang='lat' dir='ltr'>remeare</span> <span class='ocrx_word' id='word_1_139' title='bbox 840 1502 947 1537; x_wconf 89' lang='lat' dir='ltr'>iubes;</span> <span class='ocrx_word' id='word_1_140' title='bbox 973 1505 1008 1532; x_wconf 88' lang='lat' dir='ltr'>tu</span> <span class='ocrx_word' id='word_1_141' title='bbox 1031 1502 1102 1542; x_wconf 86' lang='lat' dir='ltr'>lege</span> <span class='ocrx_word' id='word_1_142' title='bbox 1126 1502 1248 1543; x_wconf 84' lang='lat' dir='ltr'>recepti</span> 
     </span>
     <span class='ocr_line' id='line_1_24' title="bbox 490 1553 1376 1594; baseline -0.002 -9"><span class='ocrx_word' id='word_1_143' title='bbox 490 1555 633 1585; x_wconf 85' lang='lat' dir='ltr'>muneris</span> <span class='ocrx_word' id='word_1_144' title='bbox 657 1553 698 1584; x_wconf 86' lang='lat' dir='ltr'>ad</span> <span class='ocrx_word' id='word_1_145' title='bbox 721 1564 832 1584; x_wconf 78' lang='lat' dir='ltr'>manes</span> <span class='ocrx_word' id='word_1_146' title='bbox 855 1557 1007 1594; x_wconf 83' lang='lat' dir='ltr'>penetras</span> <span class='ocrx_word' id='word_1_147' title='bbox 1032 1553 1207 1594; x_wconf 86' lang='lat' dir='ltr'>mortisque</span> <span class='ocrx_word' id='word_1_148' title='bbox 1232 1553 1376 1584; x_wconf 84' lang='lat' dir='ltr'>latebras</span> 
     </span>
     <span class='ocr_line' id='line_1_25' title="bbox 491 1604 1243 1637; baseline -0.004 0"><span class='ocrx_word' id='word_1_149' title='bbox 491 1605 682 1637; x_wconf 86' lang='lat' dir='ltr'>immortalis</span> <span class='ocrx_word' id='word_1_150' title='bbox 707 1605 792 1636; x_wconf 87' lang='lat' dir='ltr'>adis:</span> <span class='ocrx_word' id='word_1_151' title='bbox 818 1605 909 1636; x_wconf 85' lang='lat' dir='ltr'>nasci</span> <span class='ocrx_word' id='word_1_152' title='bbox 933 1605 991 1636; x_wconf 91' lang='lat' dir='ltr'>tibi</span> <span class='ocrx_word' id='word_1_153' title='bbox 1015 1615 1080 1635; x_wconf 88' lang='lat' dir='ltr'>non</span> <span class='ocrx_word' id='word_1_154' title='bbox 1104 1604 1165 1635; x_wconf 88' lang='lat' dir='ltr'>fuit</span> <span class='ocrx_word' id='word_1_155' title='bbox 1189 1605 1243 1634; x_wconf 91' lang='lat' dir='ltr'>uni</span> 
     </span>
     <span class='ocr_line' id='line_1_26' title="bbox 490 1655 1301 1700; baseline -0.002 -12"><span class='ocrx_word' id='word_1_156' title='bbox 490 1657 684 1700; x_wconf 85' lang='lat' dir='ltr'>principium</span> <span class='ocrx_word' id='word_1_157' title='bbox 709 1657 846 1698; x_wconf 87' lang='lat' dir='ltr'>finisque</span> <span class='ocrx_word' id='word_1_158' title='bbox 871 1656 962 1695; x_wconf 85' lang='lat' dir='ltr'>mori⁷</span> <span class='ocrx_word' id='word_1_159' title='bbox 988 1656 1045 1687; x_wconf 85' lang='lat' dir='ltr'>sed</span> <span class='ocrx_word' id='word_1_160' title='bbox 1070 1659 1166 1686; x_wconf 86' lang='lat' dir='ltr'>nocte</span> <span class='ocrx_word' id='word_1_161' title='bbox 1191 1655 1301 1686; x_wconf 84' lang='lat' dir='ltr'>refusa</span> 
     </span>
    </p>
   </div>
   <div class='ocr_carea' id='block_1_4' title="bbox 90 1759 1745 2053">
    <p class='ocr_par' dir='ltr' id='par_1_8' title="bbox 90 1759 1745 2053">
     <span class='ocr_line' id='line_1_27' title="bbox 199 1759 1745 1795; baseline -0.001 -6"><span class='ocrx_word' id='word_1_162' title='bbox 199 1763 334 1795; x_wconf 74' lang='lat' dir='ltr'>C&#39;(a7nertis</span> <span class='ocrx_word' id='word_1_163' title='bbox 358 1762 447 1795; x_wconf 73' lang='lat' dir='ltr'>editio)</span> <span class='ocrx_word' id='word_1_164' title='bbox 465 1761 592 1792; x_wconf 50' lang='lat' dir='ltr'>&amp;alm-[cii</span> <span class='ocrx_word' id='word_1_165' title='bbox 616 1759 703 1793; x_wconf 69' lang='lat' dir='ltr'>editio)</span> <span class='ocrx_word' id='word_1_166' title='bbox 728 1769 757 1785; x_wconf 71' lang='lat' dir='ltr'>ew</span> <span class='ocrx_word' id='word_1_167' title='bbox 776 1760 882 1785; x_wconf 68' lang='lat' dir='ltr'>‹lim-sis</span> <span class='ocrx_word' id='word_1_168' title='bbox 900 1759 1027 1784; x_wconf 68' lang='lat' dir='ltr'>codicibus</span> <span class='ocrx_word' id='word_1_169' title='bbox 1097 1759 1262 1783; x_wconf 82' lang='lat' dir='ltr'>Merobaudis</span> <span class='ocrx_word' id='word_1_170' title='bbox 1286 1759 1394 1791; x_wconf 84' lang='lat' dir='ltr'>Hispani</span> <span class='ocrx_word' id='word_1_171' title='bbox 1419 1760 1562 1785; x_wconf 79' lang='lat' dir='ltr'>scholastici</span> <span class='ocrx_word' id='word_1_172' title='bbox 1585 1769 1688 1786; x_wconf 80' lang='lat' dir='ltr'>carmen</span> <span class='ocrx_word' id='word_1_173' title='bbox 1714 1763 1745 1787; x_wconf 83' lang='lat' dir='ltr'>de</span> 
     </span>
     <span class='ocr_line' id='line_1_28' title="bbox 95 1802 1743 1837; baseline -0.002 -5"><span class='ocrx_word' id='word_1_174' title='bbox 95 1807 195 1832; x_wconf 83' lang='lat' dir='ltr'>Christo</span> <span class='ocrx_word' id='word_1_175' title='bbox 215 1807 247 1837; x_wconf 88' lang='lat' dir='ltr'>F,</span> <span class='ocrx_word' id='word_1_176' title='bbox 266 1806 402 1831; x_wconf 84' lang='lat' dir='ltr'>Claudiani</span> <span class='ocrx_word' id='word_1_177' title='bbox 420 1806 477 1830; x_wconf 85' lang='lat' dir='ltr'>laus</span> <span class='ocrx_word' id='word_1_178' title='bbox 497 1805 591 1829; x_wconf 81' lang='lat' dir='ltr'>Christi</span> <span class='ocrx_word' id='word_1_179' title='bbox 612 1804 633 1828; x_wconf 84' lang='lat' dir='ltr'><em>C</em></span> <span class='ocrx_word' id='word_1_180' title='bbox 728 1803 744 1828; x_wconf 81' lang='grc'>2</span> <span class='ocrx_word' id='word_1_181' title='bbox 764 1804 821 1828; x_wconf 85' lang='lat' dir='ltr'>Non</span> <span class='ocrx_word' id='word_1_182' title='bbox 840 1803 913 1827; x_wconf 75' lang='lat' dir='ltr'>Riese</span> <span class='ocrx_word' id='word_1_183' title='bbox 1012 1802 1028 1827; x_wconf 86' lang='lat'><strong>3</strong></span> <span class='ocrx_word' id='word_1_184' title='bbox 1047 1806 1106 1826; x_wconf 84' lang='lat' dir='ltr'>nate</span> <span class='ocrx_word' id='word_1_185' title='bbox 1126 1806 1184 1826; x_wconf 83' lang='lat' dir='ltr'>tuae</span> <span class='ocrx_word' id='word_1_186' title='bbox 1204 1802 1288 1826; x_wconf 69' lang='lat' dir='ltr'>Barth</span> <span class='ocrx_word' id='word_1_187' title='bbox 1375 1807 1434 1827; x_wconf 85' lang='lat' dir='ltr'>tuae</span> <span class='ocrx_word' id='word_1_188' title='bbox 1453 1802 1511 1833; x_wconf 79' lang='lat' dir='ltr'>FC,</span> <span class='ocrx_word' id='word_1_189' title='bbox 1540 1812 1604 1828; x_wconf 75' lang='lat' dir='ltr'>corr.</span> <span class='ocrx_word' id='word_1_190' title='bbox 1619 1804 1743 1829; x_wconf 67' lang='lat' dir='ltr'>Heinsius</span> 
     </span>
     <span class='ocr_line' id='line_1_29' title="bbox 129 1844 1745 1881; baseline -0.002 -7"><span class='ocrx_word' id='word_1_191' title='bbox 129 1849 146 1874; x_wconf 88' lang='lat'>4</span> <span class='ocrx_word' id='word_1_192' title='bbox 164 1850 250 1881; x_wconf 82' lang='lat' dir='ltr'>verbi,</span> <span class='ocrx_word' id='word_1_193' title='bbox 270 1850 315 1881; x_wconf 89' lang='lat' dir='ltr'>qui</span> <span class='ocrx_word' id='word_1_194' title='bbox 332 1849 430 1879; x_wconf 74' lang='lat' dir='ltr'>Barth,</span> <span class='ocrx_word' id='word_1_195' title='bbox 450 1848 608 1879; x_wconf 83' lang='lat' dir='ltr'>verbumque</span> <span class='ocrx_word' id='word_1_196' title='bbox 628 1847 687 1871; x_wconf 66' lang='lat' dir='ltr'>Birt</span> <span class='ocrx_word' id='word_1_197' title='bbox 774 1846 790 1870; x_wconf 75' lang='grc'>5</span> <span class='ocrx_word' id='word_1_198' title='bbox 810 1850 881 1870; x_wconf 83' lang='lat' dir='ltr'>artus</span> <span class='ocrx_word' id='word_1_199' title='bbox 900 1845 928 1869; x_wconf 98' lang='lat' dir='ltr'><em>F</em></span> <span class='ocrx_word' id='word_1_200' title='bbox 1012 1844 1028 1869; x_wconf 81' lang='lat'>8</span> <span class='ocrx_word' id='word_1_201' title='bbox 1053 1853 1153 1869; x_wconf 76' lang='lat' dir='ltr'>creares</span> <span class='ocrx_word' id='word_1_202' title='bbox 1176 1845 1204 1869; x_wconf 79' lang='lat' dir='ltr'><em>F</em></span> <span class='ocrx_word' id='word_1_203' title='bbox 1287 1844 1303 1869; x_wconf 85' lang='lat'>9</span> <span class='ocrx_word' id='word_1_204' title='bbox 1326 1846 1380 1877; x_wconf 81' lang='lat' dir='ltr'>ipse</span> <span class='ocrx_word' id='word_1_205' title='bbox 1403 1846 1442 1869; x_wconf 82' lang='lat' dir='ltr'>sui</span> <span class='ocrx_word' id='word_1_206' title='bbox 1464 1845 1521 1877; x_wconf 70' lang='lat' dir='ltr'>CF,</span> <span class='ocrx_word' id='word_1_207' title='bbox 1545 1855 1612 1871; x_wconf 78' lang='lat' dir='ltr'>corr.</span> <span class='ocrx_word' id='word_1_208' title='bbox 1627 1847 1745 1879; x_wconf 72' lang='lat' dir='ltr'>Scallyer</span> 
     </span>
     <span class='ocr_line' id='line_1_30' title="bbox 130 1888 1744 1925; baseline -0.002 -8"><span class='ocrx_word' id='word_1_209' title='bbox 130 1893 231 1925; x_wconf 87' lang='lat' dir='ltr'>iniquos</span> <span class='ocrx_word' id='word_1_210' title='bbox 251 1893 279 1917; x_wconf 85' lang='lat' dir='ltr'><em>F</em></span> <span class='ocrx_word' id='word_1_211' title='bbox 365 1890 397 1916; x_wconf 79' lang='lat'>12</span> <span class='ocrx_word' id='word_1_212' title='bbox 420 1900 506 1924; x_wconf 87' lang='lat' dir='ltr'>posses</span> <span class='ocrx_word' id='word_1_213' title='bbox 533 1891 664 1915; x_wconf 70' lang='lat' dir='ltr'>Cluverius</span> <span class='ocrx_word' id='word_1_214' title='bbox 752 1888 784 1913; x_wconf 86' lang='lat'>13</span> <span class='ocrx_word' id='word_1_215' title='bbox 803 1890 925 1921; x_wconf 83' lang='lat' dir='ltr'>decoepta</span> <span class='ocrx_word' id='word_1_216' title='bbox 947 1888 968 1912; x_wconf 84' lang='lat' dir='ltr'><em>C</em></span> <span class='ocrx_word' id='word_1_217' title='bbox 1034 1889 1094 1912; x_wconf 84' lang='lat' dir='ltr'>vani</span> <span class='ocrx_word' id='word_1_218' title='bbox 1114 1888 1236 1912; x_wconf 73' lang='lat' dir='ltr'>Heinsius</span> <span class='ocrx_word' id='word_1_219' title='bbox 1307 1888 1410 1913; x_wconf 75' lang='lat' dir='ltr'>solertia</span> <span class='ocrx_word' id='word_1_220' title='bbox 1428 1888 1478 1912; x_wconf 81' lang='lat' dir='ltr'>FC</span> <span class='ocrx_word' id='word_1_221' title='bbox 1562 1889 1594 1914; x_wconf 82' lang='lat'>15</span> <span class='ocrx_word' id='word_1_222' title='bbox 1613 1894 1744 1914; x_wconf 75' lang='lat' dir='ltr'>auctorem</span> 
     </span>
     <span class='ocr_line' id='line_1_31' title="bbox 94 1929 1743 1965; baseline -0.002 -5"><span class='ocrx_word' id='word_1_223' title='bbox 94 1936 193 1960; x_wconf 87' lang='lat' dir='ltr'>sciuere</span> <span class='ocrx_word' id='word_1_224' title='bbox 212 1936 287 1960; x_wconf 86' lang='lat' dir='ltr'>deum</span> <span class='ocrx_word' id='word_1_225' title='bbox 305 1938 330 1959; x_wconf 82' lang='lat' dir='ltr'>te</span> <span class='ocrx_word' id='word_1_226' title='bbox 342 1934 370 1959; x_wconf 83' lang='lat' dir='ltr'><em>F</em></span> <span class='ocrx_word' id='word_1_227' title='bbox 435 1934 468 1958; x_wconf 79' lang='lat'>21</span> <span class='ocrx_word' id='word_1_228' title='bbox 488 1943 535 1958; x_wconf 82' lang='lat' dir='ltr'>om.</span> <span class='ocrx_word' id='word_1_229' title='bbox 549 1934 578 1958; x_wconf 83' lang='lat' dir='ltr'><em>F</em></span> <span class='ocrx_word' id='word_1_230' title='bbox 633 1933 744 1965; x_wconf 87' lang='lat' dir='ltr'>recoepti</span> <span class='ocrx_word' id='word_1_231' title='bbox 760 1932 781 1957; x_wconf 78' lang='lat' dir='ltr'><em>O</em></span> <span class='ocrx_word' id='word_1_232' title='bbox 850 1932 883 1956; x_wconf 68' lang='lat'>‘22</span> <span class='ocrx_word' id='word_1_233' title='bbox 896 1932 1007 1956; x_wconf 85' lang='lat' dir='ltr'>mundus</span> <span class='ocrx_word' id='word_1_234' title='bbox 1026 1935 1051 1956; x_wconf 85' lang='lat' dir='ltr'>et</span> <span class='ocrx_word' id='word_1_235' title='bbox 1069 1932 1100 1955; x_wconf 82' lang='lat' dir='ltr'>ad</span> <span class='ocrx_word' id='word_1_236' title='bbox 1114 1939 1201 1955; x_wconf 76' lang='lat' dir='ltr'>manes</span> <span class='ocrx_word' id='word_1_237' title='bbox 1215 1929 1245 1955; x_wconf 84' lang='lat' dir='ltr'><em>F</em></span> <span class='ocrx_word' id='word_1_238' title='bbox 1311 1930 1344 1955; x_wconf 74' lang='lat'>23</span> <span class='ocrx_word' id='word_1_239' title='bbox 1363 1932 1417 1956; x_wconf 81' lang='lat' dir='ltr'>adis</span> <span class='ocrx_word' id='word_1_240' title='bbox 1430 1932 1499 1956; x_wconf 83' lang='lat' dir='ltr'>nasci</span> <span class='ocrx_word' id='word_1_241' title='bbox 1517 1933 1563 1956; x_wconf 84' lang='lat' dir='ltr'>tibi</span> <span class='ocrx_word' id='word_1_242' title='bbox 1577 1941 1636 1957; x_wconf 86' lang='lat' dir='ltr'>nam</span> <span class='ocrx_word' id='word_1_243' title='bbox 1650 1934 1699 1957; x_wconf 81' lang='lat' dir='ltr'>fuit</span> <span class='ocrx_word' id='word_1_244' title='bbox 1716 1933 1743 1964; x_wconf 72' lang='lat' dir='ltr'>C,</span> 
     </span>
     <span class='ocr_line' id='line_1_32' title="bbox 94 1974 1744 2009; baseline -0.002 -5"><span class='ocrx_word' id='word_1_245' title='bbox 94 1980 151 2004; x_wconf 80' lang='lat' dir='ltr'>adis</span> <span class='ocrx_word' id='word_1_246' title='bbox 169 1979 216 2003; x_wconf 82' lang='lat' dir='ltr'>tibi</span> <span class='ocrx_word' id='word_1_247' title='bbox 233 1982 333 2003; x_wconf 85' lang='lat' dir='ltr'>tantum</span> <span class='ocrx_word' id='word_1_248' title='bbox 352 1987 403 2003; x_wconf 87' lang='lat' dir='ltr'>non</span> <span class='ocrx_word' id='word_1_249' title='bbox 422 1978 471 2002; x_wconf 83' lang='lat' dir='ltr'>fuit</span> <span class='ocrx_word' id='word_1_250' title='bbox 489 1977 521 2009; x_wconf 86' lang='lat' dir='ltr'>F,</span> <span class='ocrx_word' id='word_1_251' title='bbox 540 1985 606 2001; x_wconf 81' lang='lat' dir='ltr'>corr.</span> <span class='ocrx_word' id='word_1_252' title='bbox 619 1976 705 2000; x_wconf 79' lang='lat' dir='ltr'>Barth</span> <span class='ocrx_word' id='word_1_253' title='bbox 792 1975 825 2000; x_wconf 78' lang='lat'>24</span> <span class='ocrx_word' id='word_1_254' title='bbox 843 1976 935 2000; x_wconf 84' lang='lat' dir='ltr'>finisue</span> <span class='ocrx_word' id='word_1_255' title='bbox 955 1975 982 1998; x_wconf 87' lang='lat' dir='ltr'><em>F</em></span> <span class='ocrx_word' id='word_1_256' title='bbox 1048 1975 1147 1999; x_wconf 71' lang='lat' dir='ltr'>reclusa</span> <span class='ocrx_word' id='word_1_257' title='bbox 1165 1975 1204 1998; x_wconf 79' lang='lat' dir='ltr'>vel</span> <span class='ocrx_word' id='word_1_258' title='bbox 1222 1978 1309 1999; x_wconf 76' lang='lat' dir='ltr'>retusa</span> <span class='ocrx_word' id='word_1_259' title='bbox 1328 1974 1462 2006; x_wconf 74' lang='lat' dir='ltr'>Heinsius,</span> <span class='ocrx_word' id='word_1_260' title='bbox 1489 1976 1592 2007; x_wconf 84' lang='lat' dir='ltr'>repulsa</span> <span class='ocrx_word' id='word_1_261' title='bbox 1610 1975 1744 2007; x_wconf 58' lang='lat' dir='ltr'>thcheler,</span> 
     </span>
     <span class='ocr_line' id='line_1_33' title="bbox 90 2022 274 2053; baseline 0 -7"><span class='ocrx_word' id='word_1_262' title='bbox 90 2026 155 2053; x_wconf 78' lang='lat' dir='ltr'>puto</span> <span class='ocrx_word' id='word_1_263' title='bbox 173 2022 274 2046; x_wconf 84' lang='lat' dir='ltr'>refusus</span> 
     </span>
    </p>
   </div>
   <div class='ocr_carea' id='block_1_5' title="bbox 95 2108 1747 2712">
    <p class='ocr_par' dir='ltr' id='par_1_9' title="bbox 95 2108 1747 2712">
     <span class='ocr_line' id='line_1_34' title="bbox 198 2108 1745 2146; baseline -0.003 -6"><span class='ocrx_word' id='word_1_264' title='bbox 198 2114 319 2140; x_wconf 76' lang='lat' dir='ltr'>imitatus</span> <span class='ocrx_word' id='word_1_265' title='bbox 351 2116 387 2140; x_wconf 79' lang='lat' dir='ltr'>est</span> <span class='ocrx_word' id='word_1_266' title='bbox 414 2113 455 2140; x_wconf 85' lang='lat' dir='ltr'>M.</span> <span class='ocrx_word' id='word_1_267' title='bbox 477 2113 644 2146; x_wconf 68' lang='lat' dir='ltr'>potissimam</span> <span class='ocrx_word' id='word_1_268' title='bbox 674 2111 822 2137; x_wconf 71' lang='lat' dir='ltr'>Claudiani</span> <span class='ocrx_word' id='word_1_269' title='bbox 848 2118 927 2136; x_wconf 79' lang='lat' dir='ltr'>carm.</span> <span class='ocrx_word' id='word_1_270' title='bbox 950 2110 1012 2136; x_wconf 74' lang='lat' dir='ltr'>min.</span> <span class='ocrx_word' id='word_1_271' title='bbox 1033 2112 1065 2135; x_wconf 80' lang='lat'>32</span> <span class='ocrx_word' id='word_1_272' title='bbox 1093 2110 1125 2135; x_wconf 86' lang='lat' dir='ltr'>de</span> <span class='ocrx_word' id='word_1_273' title='bbox 1153 2109 1304 2139; x_wconf 78' lang='lat' dir='ltr'>salvatore;</span> <span class='ocrx_word' id='word_1_274' title='bbox 1336 2109 1408 2134; x_wconf 68' lang='lat' dir='ltr'>norit</span> <span class='ocrx_word' id='word_1_275' title='bbox 1435 2108 1612 2135; x_wconf 78' lang='lat' dir='ltr'>,Merobaudis</span> <span class='ocrx_word' id='word_1_276' title='bbox 1639 2117 1745 2135; x_wconf 71' lang='lat' dir='ltr'>carmen</span> 
     </span>
     <span class='ocr_line' id='line_1_35' title="bbox 95 2160 1747 2196; baseline -0.006 -4"><span class='ocrx_word' id='word_1_277' title='bbox 95 2165 270 2192; x_wconf 71' lang='lat' dir='ltr'>Dracontius.</span> <span class='ocrx_word' id='word_1_278' title='bbox 364 2166 376 2191; x_wconf 94' lang='grc'><em>1</em></span> <span class='ocrx_word' id='word_1_279' title='bbox 397 2164 481 2191; x_wconf 67' lang='lat' dir='ltr'>Dran.</span> <span class='ocrx_word' id='word_1_280' title='bbox 495 2165 510 2190; x_wconf 77' lang='lat' dir='ltr'>l.</span> <span class='ocrx_word' id='word_1_281' title='bbox 525 2164 549 2190; x_wconf 80' lang='lat' dir='ltr'>d.</span> <span class='ocrx_word' id='word_1_282' title='bbox 563 2167 587 2195; x_wconf 86' lang='lat'>3,</span> <span class='ocrx_word' id='word_1_283' title='bbox 602 2166 653 2189; x_wconf 76' lang='lat'>236</span> <span class='ocrx_word' id='word_1_284' title='bbox 670 2163 737 2189; x_wconf 77' lang='lat' dir='ltr'>ficta</span> <span class='ocrx_word' id='word_1_285' title='bbox 757 2162 801 2189; x_wconf 86' lang='lat' dir='ltr'>dei</span> <span class='ocrx_word' id='word_1_286' title='bbox 820 2162 910 2196; x_wconf 85' lang='lat' dir='ltr'>proles</span> <span class='ocrx_word' id='word_1_287' title='bbox 1004 2162 1020 2187; x_wconf 82' lang='lat'>2</span> <span class='ocrx_word' id='word_1_288' title='bbox 1040 2161 1176 2188; x_wconf 75' lang='lat' dir='ltr'>01aml.11</span> <span class='ocrx_word' id='word_1_289' title='bbox 1195 2160 1347 2194; x_wconf 81' lang='lat' dir='ltr'>mundique</span> <span class='ocrx_word' id='word_1_290' title='bbox 1365 2162 1490 2194; x_wconf 74' lang='lat' dir='ltr'>repertor</span> <span class='ocrx_word' id='word_1_291' title='bbox 1582 2160 1598 2186; x_wconf 80' lang='lat'><strong>3</strong></span> <span class='ocrx_word' id='word_1_292' title='bbox 1620 2160 1714 2186; x_wconf 63' lang='lat' dir='ltr'>Claud,</span> <span class='ocrx_word' id='word_1_293' title='bbox 1731 2164 1747 2186; x_wconf 80' lang='lat'><em>2</em></span> 
     </span>
     <span class='ocr_line' id='line_1_36' title="bbox 97 2210 1746 2250; baseline -0.003 -8"><span class='ocrx_word' id='word_1_294' title='bbox 97 2225 179 2250; x_wconf 88' lang='lat' dir='ltr'>quem</span> <span class='ocrx_word' id='word_1_295' title='bbox 198 2216 270 2242; x_wconf 85' lang='lat' dir='ltr'>fudit</span> <span class='ocrx_word' id='word_1_296' title='bbox 290 2216 325 2242; x_wconf 87' lang='lat' dir='ltr'>ab</span> <span class='ocrx_word' id='word_1_297' title='bbox 345 2216 404 2242; x_wconf 80' lang='lat' dir='ltr'>alta.</span> <span class='ocrx_word' id='word_1_298' title='bbox 422 2217 514 2242; x_wconf 84' lang='lat' dir='ltr'>mente</span> <span class='ocrx_word' id='word_1_299' title='bbox 534 2216 615 2248; x_wconf 83' lang='lat' dir='ltr'>pater</span> <span class='ocrx_word' id='word_1_300' title='bbox 711 2215 728 2240; x_wconf 89' lang='grc'>4</span> <span class='ocrx_word' id='word_1_301' title='bbox 746 2213 880 2246; x_wconf 84' lang='lat' dir='ltr'>verbique</span> <span class='ocrx_word' id='word_1_302' title='bbox 899 2212 927 2238; x_wconf 89' lang='lat' dir='ltr'>in</span> <span class='ocrx_word' id='word_1_303' title='bbox 947 2212 1053 2239; x_wconf 79' lang='lat' dir='ltr'>semina</span> <span class='ocrx_word' id='word_1_304' title='bbox 1071 2212 1161 2238; x_wconf 83' lang='lat' dir='ltr'>fusum</span> <span class='ocrx_word' id='word_1_305' title='bbox 1181 2212 1284 2237; x_wconf 63' lang='lat' dir='ltr'>verbnm</span> <span class='ocrx_word' id='word_1_306' title='bbox 1303 2211 1347 2236; x_wconf 79' lang='lat' dir='ltr'>clei</span> <span class='ocrx_word' id='word_1_307' title='bbox 1365 2210 1402 2236; x_wconf 74' lang='lat' dir='ltr'>«cl</span> <span class='ocrx_word' id='word_1_308' title='bbox 1420 2211 1547 2245; x_wconf 63' lang='lat' dir='ltr'>virginem</span> <span class='ocrx_word' id='word_1_309' title='bbox 1566 2211 1643 2244; x_wconf 72' lang='lat' dir='ltr'>quasi</span> <span class='ocrx_word' id='word_1_310' title='bbox 1661 2219 1746 2237; x_wconf 77' lang='lat' dir='ltr'>semen</span> 
     </span>
     <span class='ocr_line' id='line_1_37' title="bbox 96 2262 1747 2301; baseline -0.004 -7"><span class='ocrx_word' id='word_1_311' title='bbox 96 2269 152 2300; x_wconf 77' lang='lat' dir='ltr'>fuit</span> <span class='ocrx_word' id='word_1_312' title='bbox 168 2268 305 2301; x_wconf 76' lang='lat' dir='ltr'>maritale,·</span> <span class='ocrx_word' id='word_1_313' title='bbox 322 2268 355 2300; x_wconf 81' lang='lat' dir='ltr'>cf.</span> <span class='ocrx_word' id='word_1_314' title='bbox 369 2267 453 2294; x_wconf 80' lang='lat' dir='ltr'>Drac.</span> <span class='ocrx_word' id='word_1_315' title='bbox 466 2267 482 2293; x_wconf 81' lang='lat' dir='ltr'>l.</span> <span class='ocrx_word' id='word_1_316' title='bbox 497 2267 520 2292; x_wconf 82' lang='lat' dir='ltr'>cl.</span> <span class='ocrx_word' id='word_1_317' title='bbox 535 2270 558 2299; x_wconf 71' lang='lat'>2,</span> <span class='ocrx_word' id='word_1_318' title='bbox 575 2270 604 2292; x_wconf 86' lang='lat'>61</span> <span class='ocrx_word' id='word_1_319' title='bbox 624 2266 728 2293; x_wconf 85' lang='lat' dir='ltr'>semiue</span> <span class='ocrx_word' id='word_1_320' title='bbox 743 2286 748 2292; x_wconf 91' lang='lat'><strong>.</strong></span> <span class='ocrx_word' id='word_1_321' title='bbox 763 2287 785 2292; x_wconf 91' lang='lat'>..</span> <span class='ocrx_word' id='word_1_322' title='bbox 804 2265 888 2291; x_wconf 85' lang='lat' dir='ltr'>verbo</span> <span class='ocrx_word' id='word_1_323' title='bbox 909 2266 1082 2298; x_wconf 85' lang='lat' dir='ltr'>conceptum.</span> <span class='ocrx_word' id='word_1_324' title='bbox 1105 2264 1187 2290; x_wconf 68' lang='lat' dir='ltr'>Anth.</span> <span class='ocrx_word' id='word_1_325' title='bbox 1204 2267 1257 2295; x_wconf 80' lang='lat'>766,</span> <span class='ocrx_word' id='word_1_326' title='bbox 1271 2268 1285 2289; x_wconf 83' lang='lat'><em>5</em></span> <span class='ocrx_word' id='word_1_327' title='bbox 1304 2263 1417 2289; x_wconf 85' lang='lat' dir='ltr'>verbum</span> <span class='ocrx_word' id='word_1_328' title='bbox 1436 2272 1485 2296; x_wconf 86' lang='lat' dir='ltr'>pro</span> <span class='ocrx_word' id='word_1_329' title='bbox 1504 2262 1608 2289; x_wconf 83' lang='lat' dir='ltr'>semine</span> <span class='ocrx_word' id='word_1_330' title='bbox 1628 2263 1747 2296; x_wconf 82' lang='lat' dir='ltr'>sumpsit</span> 
     </span>
     <span class='ocr_line' id='line_1_38' title="bbox 131 2313 1747 2353; baseline -0.004 -7"><span class='ocrx_word' id='word_1_331' title='bbox 131 2321 147 2346; x_wconf 88' lang='lat'>5</span> <span class='ocrx_word' id='word_1_332' title='bbox 177 2319 272 2346; x_wconf 73' lang='lat' dir='ltr'>Claud.</span> <span class='ocrx_word' id='word_1_333' title='bbox 292 2323 309 2346; x_wconf 83' lang='grc'><em>8</em></span> <span class='ocrx_word' id='word_1_334' title='bbox 331 2318 453 2353; x_wconf 79' lang='lat' dir='ltr'>virginei</span> <span class='ocrx_word' id='word_1_335' title='bbox 475 2320 601 2345; x_wconf 85' lang='lat' dir='ltr'>tumuere</span> <span class='ocrx_word' id='word_1_336' title='bbox 629 2317 712 2343; x_wconf 89' lang='lat' dir='ltr'>sinus.</span> <span class='ocrx_word' id='word_1_337' title='bbox 741 2317 826 2343; x_wconf 77' lang='lat' dir='ltr'>Druc.</span> <span class='ocrx_word' id='word_1_338' title='bbox 846 2317 862 2342; x_wconf 86' lang='grc' dir='ltr'>Ζ.</span> <span class='ocrx_word' id='word_1_339' title='bbox 881 2316 906 2341; x_wconf 78' lang='grc' dir='ltr'>(Ζ.</span> <span class='ocrx_word' id='word_1_340' title='bbox 924 2320 946 2349; x_wconf 78' lang='grc'>2,</span> <span class='ocrx_word' id='word_1_341' title='bbox 965 2320 996 2342; x_wconf 79' lang='grc'>89</span> <span class='ocrx_word' id='word_1_342' title='bbox 1015 2315 1098 2342; x_wconf 83' lang='lat' dir='ltr'>verbo</span> <span class='ocrx_word' id='word_1_343' title='bbox 1122 2315 1228 2341; x_wconf 72' lang='lat' dir='ltr'>fet-ante</span> <span class='ocrx_word' id='word_1_344' title='bbox 1255 2314 1357 2340; x_wconf 78' lang='lat' dir='ltr'>marito</span> <span class='ocrx_word' id='word_1_345' title='bbox 1376 2313 1515 2348; x_wconf 83' lang='lat' dir='ltr'>virgineos</span> <span class='ocrx_word' id='word_1_346' title='bbox 1533 2314 1651 2340; x_wconf 82' lang='lat' dir='ltr'>intrasse</span> <span class='ocrx_word' id='word_1_347' title='bbox 1671 2314 1747 2339; x_wconf 79' lang='lat' dir='ltr'>sinus</span> 
     </span>
     <span class='ocr_line' id='line_1_39' title="bbox 97 2364 1746 2405; baseline -0.005 -7"><span class='ocrx_word' id='word_1_348' title='bbox 97 2372 211 2405; x_wconf 76' lang='lat' dir='ltr'>(Arator</span> <span class='ocrx_word' id='word_1_349' title='bbox 225 2375 248 2404; x_wconf 79' lang='lat'>2,</span> <span class='ocrx_word' id='word_1_350' title='bbox 263 2371 303 2404; x_wconf 79' lang='lat'>73)</span> <span class='ocrx_word' id='word_1_351' title='bbox 391 2371 405 2396; x_wconf 83' lang='lat'><strong>7</strong></span> <span class='ocrx_word' id='word_1_352' title='bbox 426 2370 567 2396; x_wconf 63' lang='lat' dir='ltr'><em>Glazccl.14</em></span> <span class='ocrx_word' id='word_1_353' title='bbox 586 2369 634 2403; x_wconf 87' lang='lat' dir='ltr'>qui</span> <span class='ocrx_word' id='word_1_354' title='bbox 652 2378 707 2396; x_wconf 84' lang='lat' dir='ltr'>uon</span> <span class='ocrx_word' id='word_1_355' title='bbox 726 2368 826 2402; x_wconf 76' lang='lat' dir='ltr'>spatiis</span> <span class='ocrx_word' id='word_1_356' title='bbox 844 2370 934 2394; x_wconf 82' lang='lat' dir='ltr'>terrae</span> <span class='ocrx_word' id='word_1_357' title='bbox 949 2387 954 2392; x_wconf 90' lang='lat'><em>.</em></span> <span class='ocrx_word' id='word_1_358' title='bbox 967 2387 992 2393; x_wconf 89' lang='lat'>..</span> <span class='ocrx_word' id='word_1_359' title='bbox 1012 2376 1062 2393; x_wconf 87' lang='lat' dir='ltr'>nec</span> <span class='ocrx_word' id='word_1_360' title='bbox 1082 2367 1192 2400; x_wconf 80' lang='lat' dir='ltr'>capitur</span> <span class='ocrx_word' id='word_1_361' title='bbox 1217 2366 1306 2397; x_wconf 76' lang='lat' dir='ltr'>caelo,</span> <span class='ocrx_word' id='word_1_362' title='bbox 1332 2374 1433 2399; x_wconf 84' lang='lat' dir='ltr'>parvos</span> <span class='ocrx_word' id='word_1_363' title='bbox 1459 2364 1593 2391; x_wconf 85' lang='lat' dir='ltr'>confluxit</span> <span class='ocrx_word' id='word_1_364' title='bbox 1617 2364 1645 2390; x_wconf 88' lang='lat' dir='ltr'>in</span> <span class='ocrx_word' id='word_1_365' title='bbox 1670 2366 1746 2390; x_wconf 84' lang='lat' dir='ltr'>artus</span> 
     </span>
     <span class='ocr_line' id='line_1_40' title="bbox 97 2416 1746 2454; baseline -0.005 -5"><span class='ocrx_word' id='word_1_366' title='bbox 97 2431 117 2449; x_wconf 81' lang='lat' dir='ltr'>v.</span> <span class='ocrx_word' id='word_1_367' title='bbox 133 2423 169 2449; x_wconf 80' lang='lat' dir='ltr'>ad</span> <span class='ocrx_word' id='word_1_368' title='bbox 187 2423 268 2449; x_wconf 76' lang='lat' dir='ltr'>Drac.</span> <span class='ocrx_word' id='word_1_369' title='bbox 287 2423 303 2448; x_wconf 79' lang='lat' dir='ltr'>l.</span> <span class='ocrx_word' id='word_1_370' title='bbox 321 2421 345 2447; x_wconf 82' lang='lat' dir='ltr'>d.</span> <span class='ocrx_word' id='word_1_371' title='bbox 362 2425 385 2454; x_wconf 80' lang='lat'>2,</span> <span class='ocrx_word' id='word_1_372' title='bbox 404 2425 455 2448; x_wconf 85' lang='lat'>599</span> <span class='ocrx_word' id='word_1_373' title='bbox 561 2421 593 2447; x_wconf 88' lang='grc'>10</span> <span class='ocrx_word' id='word_1_374' title='bbox 612 2421 695 2447; x_wconf 74' lang='lat' dir='ltr'>Drac.</span> <span class='ocrx_word' id='word_1_375' title='bbox 710 2422 725 2446; x_wconf 76' lang='lat' dir='ltr'>l.</span> <span class='ocrx_word' id='word_1_376' title='bbox 744 2420 768 2447; x_wconf 76' lang='lat' dir='ltr'>d.</span> <span class='ocrx_word' id='word_1_377' title='bbox 787 2424 809 2453; x_wconf 72' lang='lat'>⁴2,</span> <span class='ocrx_word' id='word_1_378' title='bbox 829 2424 860 2446; x_wconf 68' lang='lat'>94</span> <span class='ocrx_word' id='word_1_379' title='bbox 880 2429 976 2454; x_wconf 78' lang='lat' dir='ltr'>passus</span> <span class='ocrx_word' id='word_1_380' title='bbox 996 2440 1001 2445; x_wconf 95' lang='lat'>.</span> <span class='ocrx_word' id='word_1_381' title='bbox 1021 2439 1026 2445; x_wconf 91' lang='lat'><strong>.</strong></span> <span class='ocrx_word' id='word_1_382' title='bbox 1042 2440 1048 2446; x_wconf 86' lang='lat'>.</span> <span class='ocrx_word' id='word_1_383' title='bbox 1071 2427 1261 2452; x_wconf 82' lang='lat' dir='ltr'>quaecumque</span> <span class='ocrx_word' id='word_1_384' title='bbox 1289 2417 1365 2443; x_wconf 84' lang='lat' dir='ltr'>subit</span> <span class='ocrx_word' id='word_1_385' title='bbox 1388 2416 1489 2443; x_wconf 83' lang='lat' dir='ltr'>diversi</span> <span class='ocrx_word' id='word_1_386' title='bbox 1511 2416 1644 2450; x_wconf 83' lang='lat' dir='ltr'>temporis</span> <span class='ocrx_word' id='word_1_387' title='bbox 1669 2417 1746 2442; x_wconf 74' lang='lat' dir='ltr'>aetas</span> 
     </span>
     <span class='ocr_line' id='line_1_41' title="bbox 134 2467 1746 2506; baseline -0.006 -5"><span class='ocrx_word' id='word_1_388' title='bbox 134 2475 164 2501; x_wconf 93' lang='lat'>11</span> <span class='ocrx_word' id='word_1_389' title='bbox 188 2473 285 2500; x_wconf 74' lang='lat' dir='ltr'>Claud.</span> <span class='ocrx_word' id='word_1_390' title='bbox 299 2477 314 2499; x_wconf 92' lang='lat'>6</span> <span class='ocrx_word' id='word_1_391' title='bbox 332 2473 526 2506; x_wconf 85' lang='lat' dir='ltr'>hominemque</span> <span class='ocrx_word' id='word_1_392' title='bbox 545 2473 634 2500; x_wconf 78' lang='lat' dir='ltr'>fateri.</span> <span class='ocrx_word' id='word_1_393' title='bbox 654 2473 738 2499; x_wconf 74' lang='lat' dir='ltr'>Drcae.</span> <span class='ocrx_word' id='word_1_394' title='bbox 752 2473 767 2498; x_wconf 79' lang='lat' dir='ltr'>l.</span> <span class='ocrx_word' id='word_1_395' title='bbox 782 2473 843 2505; x_wconf 74' lang='grc'><em>(1.2,</em></span> <span class='ocrx_word' id='word_1_396' title='bbox 858 2476 905 2499; x_wconf 87' lang='grc'>108</span> <span class='ocrx_word' id='word_1_397' title='bbox 936 2471 1067 2498; x_wconf 75' lang='lat' dir='ltr'>mortalia</span> <span class='ocrx_word' id='word_1_398' title='bbox 1090 2471 1158 2496; x_wconf 83' lang='lat' dir='ltr'>dura</span> <span class='ocrx_word' id='word_1_399' title='bbox 1177 2469 1294 2501; x_wconf 81' lang='lat' dir='ltr'>subivit,</span> <span class='ocrx_word' id='word_1_400' title='bbox 1323 2470 1354 2495; x_wconf 89' lang='lat' dir='ltr'>ut</span> <span class='ocrx_word' id='word_1_401' title='bbox 1376 2470 1469 2502; x_wconf 76' lang='lat' dir='ltr'>posset</span> <span class='ocrx_word' id='word_1_402' title='bbox 1492 2469 1643 2494; x_wconf 82' lang='lat' dir='ltr'>monstrare</span> <span class='ocrx_word' id='word_1_403' title='bbox 1667 2467 1746 2493; x_wconf 78' lang='lat' dir='ltr'>deum</span> 
     </span>
     <span class='ocr_line' id='line_1_42' title="bbox 134 2518 1747 2560; baseline -0.006 -8"><span class='ocrx_word' id='word_1_404' title='bbox 134 2526 167 2552; x_wconf 89' lang='lat'>14</span> <span class='ocrx_word' id='word_1_405' title='bbox 185 2526 262 2560; x_wconf 60' lang='grc' dir='ltr'><em>γεω-9.</em></span> <span class='ocrx_word' id='word_1_406' title='bbox 275 2525 341 2551; x_wconf 75' lang='lat' dir='ltr'>Aen.</span> <span class='ocrx_word' id='word_1_407' title='bbox 353 2527 377 2557; x_wconf 87' lang='lat'>3,</span> <span class='ocrx_word' id='word_1_408' title='bbox 390 2528 421 2550; x_wconf 85' lang='lat'>56</span> <span class='ocrx_word' id='word_1_409' title='bbox 438 2524 568 2550; x_wconf 83' lang='lat' dir='ltr'>mortalia</span> <span class='ocrx_word' id='word_1_410' title='bbox 587 2526 702 2558; x_wconf 81' lang='lat' dir='ltr'>pectora</span> <span class='ocrx_word' id='word_1_411' title='bbox 791 2525 823 2550; x_wconf 88' lang='lat'>15</span> <span class='ocrx_word' id='word_1_412' title='bbox 843 2523 938 2549; x_wconf 72' lang='lat' dir='ltr'>Claud.</span> <span class='ocrx_word' id='word_1_413' title='bbox 953 2527 983 2549; x_wconf 87' lang='grc'>10</span> <span class='ocrx_word' id='word_1_414' title='bbox 999 2523 1139 2548; x_wconf 82' lang='lat' dir='ltr'>auctorem</span> <span class='ocrx_word' id='word_1_415' title='bbox 1153 2521 1280 2555; x_wconf 78' lang='lat' dir='ltr'>paritura</span> <span class='ocrx_word' id='word_1_416' title='bbox 1299 2529 1385 2546; x_wconf 85' lang='lat' dir='ltr'>suum.</span> <span class='ocrx_word' id='word_1_417' title='bbox 1404 2519 1483 2551; x_wconf 73' lang='lat' dir='ltr'>Help.</span> <span class='ocrx_word' id='word_1_418' title='bbox 1497 2518 1527 2544; x_wconf 72' lang='lat' dir='ltr'>(Ie</span> <span class='ocrx_word' id='word_1_419' title='bbox 1538 2518 1606 2544; x_wconf 67' lang='lat' dir='ltr'>Jcsza</span> <span class='ocrx_word' id='word_1_420' title='bbox 1620 2518 1702 2549; x_wconf 78' lang='lat' dir='ltr'>benef.</span> <span class='ocrx_word' id='word_1_421' title='bbox 1720 2521 1747 2543; x_wconf 76' lang='lat'>72</span> 
     </span>
     <span class='ocr_line' id='line_1_43' title="bbox 101 2570 1747 2611; baseline -0.006 -7"><span class='ocrx_word' id='word_1_422' title='bbox 101 2579 243 2604; x_wconf 79' lang='lat' dir='ltr'>auctorem</span> <span class='ocrx_word' id='word_1_423' title='bbox 267 2576 407 2611; x_wconf 86' lang='lat' dir='ltr'>peperisse</span> <span class='ocrx_word' id='word_1_424' title='bbox 429 2585 516 2602; x_wconf 89' lang='lat' dir='ltr'>suum.</span> <span class='ocrx_word' id='word_1_425' title='bbox 535 2576 620 2604; x_wconf 73' lang='lat' dir='ltr'>Drac.</span> <span class='ocrx_word' id='word_1_426' title='bbox 632 2577 647 2601; x_wconf 82' lang='lat' dir='ltr'>l.</span> <span class='ocrx_word' id='word_1_427' title='bbox 661 2576 685 2601; x_wconf 76' lang='lat' dir='ltr'>d.</span> <span class='ocrx_word' id='word_1_428' title='bbox 701 2580 720 2608; x_wconf 87' lang='lat'>1,</span> <span class='ocrx_word' id='word_1_429' title='bbox 737 2580 752 2601; x_wconf 72' lang='lat'><strong><em>4</em></strong></span> <span class='ocrx_word' id='word_1_430' title='bbox 771 2577 912 2601; x_wconf 84' lang='lat' dir='ltr'>auctorem</span> <span class='ocrx_word' id='word_1_431' title='bbox 933 2573 1056 2600; x_wconf 74' lang='lat' dir='ltr'>confessa</span> <span class='ocrx_word' id='word_1_432' title='bbox 1075 2582 1153 2599; x_wconf 82' lang='lat' dir='ltr'>suum</span> <span class='ocrx_word' id='word_1_433' title='bbox 1172 2573 1205 2606; x_wconf 77' lang='lat'>(2,</span> <span class='ocrx_word' id='word_1_434' title='bbox 1220 2573 1277 2601; x_wconf 77' lang='lat'><strong><em>212)</em></strong></span> <span class='ocrx_word' id='word_1_435' title='bbox 1361 2570 1392 2597; x_wconf 84' lang='lat'>18</span> <span class='ocrx_word' id='word_1_436' title='bbox 1411 2570 1499 2596; x_wconf 71' lang='lat' dir='ltr'>Seclztl.</span> <span class='ocrx_word' id='word_1_437' title='bbox 1513 2573 1536 2602; x_wconf 77' lang='lat'>2,</span> <span class='ocrx_word' id='word_1_438' title='bbox 1552 2572 1586 2595; x_wconf 80' lang='grc'>89</span> <span class='ocrx_word' id='word_1_439' title='bbox 1606 2570 1747 2596; x_wconf 79' lang='lat' dir='ltr'>servantes</span> 
     </span>
     <span class='ocr_line' id='line_1_44' title="bbox 98 2619 1746 2662; baseline -0.006 -8"><span class='ocrx_word' id='word_1_440' title='bbox 98 2628 205 2654; x_wconf 84' lang='lat' dir='ltr'>lumina</span> <span class='ocrx_word' id='word_1_441' title='bbox 225 2628 301 2654; x_wconf 84' lang='lat' dir='ltr'>caelo</span> <span class='ocrx_word' id='word_1_442' title='bbox 320 2628 374 2654; x_wconf 77' lang='lat' dir='ltr'>fixa</span> <span class='ocrx_word' id='word_1_443' title='bbox 393 2627 469 2662; x_wconf 86' lang='lat' dir='ltr'>magi</span> <span class='ocrx_word' id='word_1_444' title='bbox 487 2627 617 2660; x_wconf 86' lang='lat' dir='ltr'>sidusque</span> <span class='ocrx_word' id='word_1_445' title='bbox 636 2627 741 2653; x_wconf 83' lang='lat' dir='ltr'>micans</span> <span class='ocrx_word' id='word_1_446' title='bbox 759 2626 853 2661; x_wconf 78' lang='lat' dir='ltr'>regale</span> <span class='ocrx_word' id='word_1_447' title='bbox 871 2625 960 2652; x_wconf 77' lang='lat' dir='ltr'>secuti</span> <span class='ocrx_word' id='word_1_448' title='bbox 1047 2625 1080 2651; x_wconf 81' lang='lat'>20</span> <span class='ocrx_word' id='word_1_449' title='bbox 1102 2623 1178 2656; x_wconf 77' lang='lat' dir='ltr'>Help.</span> <span class='ocrx_word' id='word_1_450' title='bbox 1192 2623 1222 2648; x_wconf 79' lang='lat' dir='ltr'>de</span> <span class='ocrx_word' id='word_1_451' title='bbox 1236 2623 1302 2648; x_wconf 65' lang='lat' dir='ltr'>Jesw</span> <span class='ocrx_word' id='word_1_452' title='bbox 1321 2622 1403 2654; x_wconf 78' lang='lat' dir='ltr'>benef.</span> <span class='ocrx_word' id='word_1_453' title='bbox 1419 2625 1463 2647; x_wconf 82' lang='lat'>112</span> <span class='ocrx_word' id='word_1_454' title='bbox 1481 2621 1621 2647; x_wconf 76' lang='lat' dir='ltr'>extinctas</span> <span class='ocrx_word' id='word_1_455' title='bbox 1640 2619 1746 2645; x_wconf 75' lang='lat' dir='ltr'>animas</span> 
     </span>
     <span class='ocr_line' id='line_1_45' title="bbox 99 2670 1747 2712; baseline -0.006 -7"><span class='ocrx_word' id='word_1_456' title='bbox 99 2680 128 2705; x_wconf 78' lang='lat' dir='ltr'>et</span> <span class='ocrx_word' id='word_1_457' title='bbox 152 2687 267 2712; x_wconf 83' lang='lat' dir='ltr'>corpora</span> <span class='ocrx_word' id='word_1_458' title='bbox 289 2679 387 2706; x_wconf 75' lang='lat' dir='ltr'>functa</span> <span class='ocrx_word' id='word_1_459' title='bbox 410 2678 518 2705; x_wconf 86' lang='lat' dir='ltr'>reducis</span> <span class='ocrx_word' id='word_1_460' title='bbox 542 2677 571 2704; x_wconf 82' lang='lat' dir='ltr'>in</span> <span class='ocrx_word' id='word_1_461' title='bbox 595 2677 703 2704; x_wconf 78' lang='lat' dir='ltr'>caelum</span> <span class='ocrx_word' id='word_1_462' title='bbox 728 2678 858 2712; x_wconf 84' lang='lat' dir='ltr'>legesque</span> <span class='ocrx_word' id='word_1_463' title='bbox 882 2677 943 2711; x_wconf 83' lang='lat' dir='ltr'>pias</span> <span class='ocrx_word' id='word_1_464' title='bbox 1030 2676 1063 2702; x_wconf 82' lang='lat'>23</span> <span class='ocrx_word' id='word_1_465' title='bbox 1083 2675 1165 2701; x_wconf 78' lang='lat' dir='ltr'>Drac.</span> <span class='ocrx_word' id='word_1_466' title='bbox 1184 2675 1200 2700; x_wconf 79' lang='grc' dir='ltr'>Ζ.</span> <span class='ocrx_word' id='word_1_467' title='bbox 1220 2674 1245 2700; x_wconf 79' lang='lat' dir='ltr'>d.</span> <span class='ocrx_word' id='word_1_468' title='bbox 1261 2677 1284 2706; x_wconf 77' lang='lat'>2,</span> <span class='ocrx_word' id='word_1_469' title='bbox 1299 2677 1346 2700; x_wconf 79' lang='lat'>526</span> <span class='ocrx_word' id='word_1_470' title='bbox 1367 2673 1470 2699; x_wconf 73' lang='lat' dir='ltr'>Christo</span> <span class='ocrx_word' id='word_1_471' title='bbox 1493 2680 1543 2698; x_wconf 81' lang='lat' dir='ltr'>nec</span> <span class='ocrx_word' id='word_1_472' title='bbox 1563 2671 1616 2697; x_wconf 87' lang='lat' dir='ltr'>fuit</span> <span class='ocrx_word' id='word_1_473' title='bbox 1636 2670 1747 2696; x_wconf 75' lang='lat' dir='ltr'>initium</span> 
     </span>
    </p>
   </div>
   <div class='ocr_carea' id='block_1_6' title="bbox 99 2729 1535 2800">
    <p class='ocr_par' dir='ltr' id='par_1_10' title="bbox 99 2729 1535 2800">
     <span class='ocr_line' id='line_1_46' title="bbox 99 2729 435 2756; baseline 0 0"><span class='ocrx_word' id='word_1_474' title='bbox 99 2730 178 2756; x_wconf 83' lang='lat' dir='ltr'>nasci</span> <span class='ocrx_word' id='word_1_475' title='bbox 196 2738 247 2756; x_wconf 87' lang='lat' dir='ltr'>nec</span> <span class='ocrx_word' id='word_1_476' title='bbox 266 2730 326 2756; x_wconf 80' lang='lat' dir='ltr'>finis</span> <span class='ocrx_word' id='word_1_477' title='bbox 345 2729 435 2756; x_wconf 86' lang='lat' dir='ltr'>obisse</span> 
     </span>
     <span class='ocr_line' id='line_1_47' title="bbox 1501 2774 1535 2800; baseline 0 -17"><span class='ocrx_word' id='word_1_478' title='bbox 1501 2774 1535 2800; x_wconf 58' lang='lat'>3*</span> 
     </span>
    </p>
   </div>
  </div>
 </body>
</html>
