2039 3010
520 142 540 168 Ι.
571 141 617 168 DE
636 140 869 167 MEROBAVDIS
888 140 1015 167 CODICE
1035 141 1349 174 EDITIONIBVSQVE.
1718 144 1759 170 111

113 230 206 261 verba
222 229 331 269 prima
353 228 389 259 in
406 237 441 268 p.
457 227 522 258 257
545 227 571 258 si
590 227 642 258 hic
662 227 790 258 h‘tterae
808 226 1012 258 excusandae
1029 230 1111 267 sunt,
1135 237 1213 266 quae
1232 228 1372 267 sequitur
1393 229 1576 268 subscriptio
1599 229 1759 262 ExPlIcIt

113 279 341 320 PrAeFaTiQ
365 278 507 310 claudere
529 278 610 310 illud
631 278 734 317 ipsum
757 278 937 317 opusculum
953 287 1052 318 prosa
1073 279 1212 310 oratione
1234 279 1383 318 scriptum
1404 280 1486 319 quod
1507 280 1619 320 legitur
1640 281 1676 312 in
1696 282 1759 321 fine

115 331 331 372 quaternionis
352 329 443 362 VIII
447 330 463 361 ἰ.
508 329 581 360 inde
603 331 689 360 ortus
711 330 755 360 est
779 329 831 360 ille
853 338 942 360 error
964 329 1019 368 qui
1041 328 1203 360 editionem
1224 329 1447 361 nitidissimam
1470 331 1514 370 (a.
1532 331 1631 372 1824)
1650 331 1760 372 foeda-

114 383 168 421 vit,
192 381 227 414 id
246 382 314 414 dico
335 381 417 421 quod
439 381 511 412 huie
534 381 597 420 ipsi
622 381 768 420 opusculo
790 381 936 420 prosaico
958 380 1100 412 Niebuhr
1121 380 1282 419 inscripsit
1304 381 1490 422 panegyrici
1512 382 1680 422 praefatio.
1727 387 1760 414 at

111 433 328 475 praefationis
341 431 526 473 paneyyrici
536 431 650 471 poetici
664 441 728 463 non
743 431 889 462 habemus
903 431 968 462 nisi
983 431 1076 462 verba
1090 431 1148 463 illa
1165 432 1191 462 si
1206 431 1257 462 hic
1274 431 1401 463 litterae
1419 432 1621 464 excusandae
1638 436 1710 464 sunt
1720 434 1758 476 ¹);

114 484 175 516 duo
202 484 315 516 ultima
341 483 557 523 quaternionis
580 481 670 514 VIII
673 483 680 500 ¹'
703 481 787 524 folia
811 491 890 521 quac
917 482 1074 513 continent
1094 482 1278 524 fraumenta
1301 492 1399 522 prosa
1428 484 1566 514 oratione
1596 485 1761 523 composita

114 537 190 566 sunt
210 535 295 566 alius
310 535 458 574 opusculi,
481 533 562 574 quod
582 535 688 565 nostro
704 533 771 564 iure
787 533 1015 574 paneyyricum
1032 534 1214 572 prosarium
1229 543 1380 571 vocamus,
1404 544 1471 565 cum
1486 536 1514 565 et
1527 544 1624 575 yenus
1639 535 1761 566 (licendi

115 589 143 618 et
165 587 240 618 ordo
262 596 366 618 rerum
374 585 399 627 2)
422 587 527 624 aperte
544 594 625 624 prae
647 594 678 615 se
696 583 808 625 ferant
825 585 1033 624 proprietates
1055 585 1207 616 orationis
1228 585 1414 625 epidictieae.

221 637 294 669 liaec
317 637 413 678 iyitur
428 636 597 668 Niebulirii
619 636 724 676 opinio
741 635 890 677 perfalsa
912 638 989 668 erat,
1034 638 1103 667 utro
1119 638 1221 667 tamen
1236 637 1289 667 ille
1305 636 1386 667 alter
1401 637 1563 675 quaternio
1578 637 1762 676 releyanclus

117 689 167 727 sit,
190 691 264 720 ante
285 698 329 719 an
350 689 420 727 post
439 687 579 725 V111um,
603 696 643 718 ne
665 696 717 727 eqo
739 687 862 726 quidem
877 697 938 726 pro
961 689 1042 718 certo
1064 689 1249 726 compertum
1272 687 1374 718 babeo.
1420 687 1487 718 ideo
1510 687 1622 726 reliqui
1643 688 1679 718 in
1700 687 1762 719 edi—

119 739 201 771 tione
223 739 362 771 ordinem
383 739 448 770 iam
471 741 603 778 tempore
625 740 776 770 sanctum.
831 747 1021 777 quamquam
1047 747 1110 768 non
1132 737 1320 769 reticendam
1343 737 1419 769 duco
1441 747 1539 768 meam
1561 737 1597 768 de
1619 738 1762 771 universo

116 800 240 830 corpore
268 791 453 830 scriptorum
481 789 686 821 Merobaudis
715 789 908 820 sententiam.
963 789 991 819 si
1018 798 1085 820 cum
1113 798 1189 820 cura
1218 789 1392 828 inspexeris
1418 788 1494 820 baec
1523 789 1763 828 quaternionum

114 844 306 874 servatorum
327 841 498 873 schemata:

121 2517 150 2546 et
171 2517 267 2547 tecum
282 2516 476 2555 reputaveris
498 2525 554 2547 nos
576 2516 719 2547 notitiam
743 2515 852 2546 habere
875 2515 1026 2546 carminis
1042 2515 1229 2554 paneyyrici
1251 2514 1286 2545 in
1306 2513 1444 2553 primum
1466 2513 1552 2544 Aetii
1574 2513 1767 2544 consulatum

119 2565 244 2606 factum
267 2569 308 2606 (v.
320 2577 355 2608 p.
371 2568 439 2608 20),
461 2566 571 2598 habere
595 2567 666 2598 item
688 2575 812 2598 carmen
821 2576 959 2605 pari-um
982 2566 1017 2597 cle
1037 2565 1168 2603 Christo,
1191 2575 1254 2596 non
1270 2564 1471 2604 improbabile
1486 2563 1639 2595 videbitur
1654 2564 1768 2595 librum

225 2677 250 2710 1>
268 2684 331 2703 vera
349 2677 402 2702 πἀηι
423 2676 449 2702 0.
469 2676 518 2702 Fr.
533 2675 693 2702 Heinrich
710 2675 815 2702 docebat
833 2675 863 2701 in
876 2675 1102 2708 praelectionibus
1123 2674 1323 2707 Bonnensibus;
1346 2677 1371 2700 et
1389 2675 1444 2707 ipse
1463 2674 1582 2700 Niebuhr
1604 2674 1634 2699 in
1653 2673 1766 2699 editione

116 2719 209 2752 priore
228 2719 265 2752 (S.
281 2719 355 2746 Galli
373 2721 448 2752 1823)
464 2719 634 2752 inscripserat
652 2718 786 2745 orationis
805 2718 838 2744 de
858 2718 990 2745 laudibus
1008 2718 1083 2745 Aetii
1102 2717 1215 2752 patricii
1235 2718 1420 2752 fragmentum
1440 2717 1459 2743 I.
1547 2716 1574 2750 2)
1589 2717 1623 2748 cf.
1638 2716 1685 2742 Fr.
1699 2715 1766 2749 Leo,

120 2761 164 2788 die
182 2762 359 2796 yrieeh.-ri›'m.
379 2761 542 2795 Bwyraphie
556 2770 585 2795 p.
599 2765 652 2788 227.

1528 2811 1560 2837 assr‘:
