2106 3061
575 167 777 195 DRACONTII
812 169 858 195 DE
877 169 1055 198 LAVDIBVS
1074 172 1133 198 DEI
1168 173 1208 199 ΙΙΙ
1649 178 1706 208 109

481 255 607 294 nostris,
633 258 753 294 sancte,
778 258 861 297 tuas,
885 258 938 298 qui
962 257 1017 289 das
1042 263 1216 301 praecepta
1239 260 1407 302 benignus,

327 316 378 342 615
482 307 530 338 ira
552 307 689 338 hominis
714 317 785 338 cum
810 308 878 339 sole
903 308 996 339 cadat
1019 309 1058 340 de
1084 310 1179 341 corde
1204 311 1339 343 furentis

400 366 460 398 (⁶00)
485 361 517 389 et
541 358 667 388 veniam
690 368 754 389 nox
777 359 847 400 ipsa
871 359 965 390 ferat:
992 361 1045 401 qui
1069 362 1238 403 praecipis,
1263 366 1297 393 ut
1321 363 1362 394 sit

404 418 457 451 (-)
480 409 600 451 septies
625 412 657 440 et
679 410 778 441 frater
803 410 990 442 clementior
1015 415 1111 453 atque
1135 413 1312 444 modestus:

398 469 457 502 (501)
478 460 529 492 fac
553 460 633 499 fieri,
658 461 742 502 quod
767 464 799 492 et
822 461 889 503 ipse
914 462 1016 500 iubes,
1041 464 1193 495 miserere
1217 466 1359 505 rogantis

480 515 512 543 et
534 512 682 543 lacrimas
706 512 838 544 intende
862 524 961 551 meas,
987 524 1066 555 quas
1090 515 1187 546 fundo
1211 515 1324 548 diurne

325 570 375 597 620
479 563 578 594 tristis
602 566 634 594 et
659 566 794 595 extenso
819 568 999 605 prostratus
1024 576 1158 607 corpore
1182 567 1309 608 plangO.

478 624 530 644 me
554 614 719 645 miserum!
769 615 821 656 qui
847 618 935 646 tanta
959 616 1035 653 fero,
1060 617 1110 647 cui
1135 620 1222 648 tanta
1247 619 1369 659 parasti

397 672 455 706 (605)
481 666 640 707 supplicia
663 666 832 705 scelerum,
858 678 997 708 peccans
1021 668 1099 698 licet
1122 669 1226 699 acrius
1251 670 1300 700 uri

400 725 453 757 (—)
477 717 663 757 debueram,
688 718 741 759 qui
765 729 864 749 saeva
887 719 941 749 diu
965 719 1085 750 delicta
1108 721 1227 762 peregi.

399 778 453 809 (-)
477 768 569 807 addo,
594 769 678 810 quod
704 773 736 800 et
760 770 825 800 vita
849 770 958 801 brevis
984 774 1043 808 est,
1068 781 1152 802 mors
1177 771 1272 812 longa
1295 776 1449 804 moratur.

324 828 374 854 625
399 828 454 862 <—)
477 832 613 863 magnus
638 832 684 859 es,
709 822 923 863 omnipotens,
948 823 1001 863 qui
1026 823 1098 861 scis,
1123 823 1173 853 cui
1198 823 1282 854 iusta
1305 824 1435 865 parasti.

397 882 451 913 (.-)
474 873 562 914 eripe
586 882 636 903 me
660 872 720 911 his,
745 872 875 911 invicte,
900 873 993 903 malis
1019 874 1050 903 in
1076 884 1208 915 corpore
1234 885 1357 914 sanum,

400 933 441 966 (-
445 933 453 965 )
477 925 575 955 exitio
599 935 750 956 succurre
775 934 855 956 meo.
901 925 1038 956 lassatus
1064 926 1190 964 anhelo,

476 979 523 1007 tot
545 976 666 1007 fractus
691 976 763 1007 hinc
788 976 863 1008 inde
888 977 990 1008 malis.
1037 977 1206 1018 ignoscere
1230 978 1362 1019 gaudes.

476 1029 592 1070 eripuit
616 1031 672 1059 tua
696 1031 817 1068 sancta,
842 1031 944 1070 pater,
970 1029 1142 1060 clementia
1166 1030 1261 1061 morti

476 1080 604 1121 agmina
627 1082 821 1121 peccantum
846 1079 988 1121 (veniam
1014 1080 1134 1112 donare
1160 1084 1270 1112 suetus

478 1131 518 1163 ad
542 1132 689 1173 quaesita
713 1133 776 1163 reis
801 1133 927 1163 veniam
952 1143 1126 1164 conversus
1151 1133 1271 1174 adoro),

498 1187 548 1215 ost
572 1184 675 1215 scelus
701 1184 803 1215 evasit
826 1185 912 1215 vitae
938 1185 1078 1216 melioris
1103 1185 1226 1216 honest
1221 1196 1270 1216 ts:

491 1246 511 1266 u
534 1236 607 1277 pius
632 1240 665 1267 et
689 1236 831 1267 clemens
855 1237 972 1278 populo
998 1239 1153 1278 peccante
1177 1236 1295 1268 Ninive

480 1288 580 1318 iratus
606 1298 666 1319 non
692 1299 737 1326 es,
761 1288 867 1330 potius
892 1289 1063 1319 miseratus
1088 1299 1197 1320 eorum
1221 1299 1255 1320 es

477 1340 735 1381 suppliciumque
760 1340 849 1371 necis
874 1340 1014 1382 spondes
1060 1364 1066 1371 .
1114 1364 1121 1371 .
1168 1364 1174 1371 .
1221 1364 1227 1371 .
1274 1365 1281 1379 ,

480 1392 534 1432 qui
557 1392 683 1422 veniam
708 1392 865 1422 missurus
891 1402 963 1423 eras
988 1392 1150 1433 vitamque
1174 1391 1310 1433 parabas

479 1443 613 1474 exitium
637 1444 747 1474 mortis
772 1443 835 1474 iam
859 1443 1068 1485 praedicante
1092 1443 1260 1485 propheta⁷

445 984 453 1017 )

407 1037 451 1069 -)

322 1088 373 1114 630
445 1088 453 1120 )

444 1140 496 1172 >a

442 1192 494 1225 )P

411 1238 488 1276 -)t

442 1298 449 1327 )

442 1348 450 1378 )

445 1399 453 1432 )

443 1451 452 1482 )

443 1502 451 1534 )
475 1494 729 1536 mendacemque
754 1495 833 1526 facis
858 1494 1012 1526 famulum
1036 1505 1183 1526 sermone
1208 1495 1310 1530 fideli;

407 1554 451 1586 -)

441 1608 450 1639 )

443 1658 452 1691 )

444 1709 452 1741 )

405 1760 448 1793 -)

440 1813 449 1845 )

441 1864 450 1895 )

442 1916 450 1947 )

442 1968 450 1999 )

321 1347 371 1372 635

477 1545 557 1576 Iona
581 1549 689 1577 tamen
714 1547 784 1578 sinc
808 1546 922 1577 fraude
948 1557 1020 1577 leus
1045 1546 1214 1577 mendacia
1238 1547 1336 1577 verba

477 1597 618 1639 prodidit
644 1600 677 1629 et
700 1598 829 1629 veniam
853 1598 971 1629 meruit
995 1601 1068 1640 post
1095 1599 1219 1629 viscera
1243 1602 1344 1630 cetae

478 1650 510 1680 in
534 1659 628 1680 cruce
653 1649 849 1691 pendentem
874 1650 1002 1681 veniam
1027 1650 1182 1680 meruisse
1206 1650 1363 1681 latronem

475 1701 621 1732 novimus
647 1704 679 1732 et
702 1700 866 1732 dominum
891 1701 1074 1732 venientem
1098 1701 1130 1731 in
1154 1704 1275 1732 tartara
1299 1701 1476 1732 Christum.

477 1763 564 1793 ergo,
589 1752 678 1791 deus,
703 1753 857 1784 miserere
881 1753 959 1789 mei;
985 1753 1047 1783 iam
1072 1756 1103 1784 te
1128 1763 1204 1794 rogo
1230 1754 1342 1784 solum.

474 1804 613 1845 qualiter
636 1804 707 1846 ipse
732 1804 833 1843 vides,
859 1815 908 1835 nie
933 1805 1077 1846 paenitet
1102 1808 1176 1835 ante
1200 1805 1284 1846 quod
1310 1805 1373 1846 egi:

474 1866 568 1887 omne
592 1856 682 1887 nefas
706 1856 858 1897 placitum
883 1857 946 1887 111111
971 1867 1054 1886 nunc
1079 1857 1217 1897 suspiria
1240 1856 1408 1891 damnant;

473 1907 604 1938 flumina
627 1908 705 1938 dant
729 1908 823 1947 oculi,
847 1909 986 1949 gemitus
1010 1908 1197 1949 praecordia
1221 1913 1372 1950 rumpunt

474 1962 506 1990 et
529 1959 669 1990 lacrimis
694 1933 866 1991 maducioe
873 1970 989 2001 genae:
1013 1960 1131 1990 ieiunia
1155 1959 1252 1990 lcddo

398 986 439 1016 (—

396 1036 439 1068 (-

399 1088 441 1119 (-

399 1140 441 1172 (—

395 1192 440 1224 (-

399 1243 439 1275 (-

396 1296 439 1327 (—

396 1347 439 1379 (-

399 1398 441 1431 (-

398 1451 442 1482 (-

398 1502 439 1534 (-

397 1553 441 1585 (-

322 1605 373 1631 640
397 1606 439 1638 (-

398 1657 441 1691 (-

398 1709 441 1740 (-

393 1760 436 1792 (-

394 1813 437 1844 (-

396 1863 435 1896 (-

396 1916 434 1949 (-

395 1968 435 1999 (-

64 2064 91 2089 in
111 2064 133 2088 C
149 2062 293 2089 618—620.
313 2061 455 2088 622—631.
476 2062 593 2088 643-47
684 2063 710 2088 ιή
728 2063 753 2087 A
773 2062 899 2088 614—19.
919 2062 1045 2088 625-30.
1065 2062 1200 2088 632—647

166 2115 216 2141 615
235 2116 309 2140 cadat
327 2116 359 2146 B,
377 2116 444 2140 cadit
463 2114 487 2139 A
557 2115 666 2139 furentis
686 2115 718 2147 A,
738 2115 846 2140 fruentis
865 2115 889 2139 B
976 2114 1025 2139 616
1045 2115 1077 2139 sit
1097 2115 1159 2144 AM,
1179 2115 1215 2138 sic
1234 2115 1258 2138 R
1345 2114 1393 2139 617
1413 2124 1460 2140 om.
1480 2115 1505 2139 U
1563 2116 1659 2148 Septies
1674 2116 1706 2146 ,1,

64 2159 153 2191 Sepius
166 2159 191 2184 B
268 2159 318 2184 618
336 2159 436 2190 roganti
452 2158 477 2188 Ο,
498 2159 610 2190 rogantis
623 2158 673 2182 Bri
751 2158 800 2183 619
820 2159 925 2182 dim-nae
941 2158 962 2182 C
1029 2157 1079 2182 620
1097 2161 1215 2181 extaenso
1231 2157 1257 2188 0,
1275 2158 1319 2182 secl
1338 2162 1347 2182 t
1365 2166 1440 2189 snper
1458 2167 1579 2182 rasuram
1598 2158 1639 2189 (eir
1658 2168 1672 2191 p
1683 2160 1705 2190 5²)

98 2201 147 2227 622
166 2203 289 2235 Supplicii
308 2201 339 2231 B,
364 2201 493 2234 Supplicia
511 2202 559 2226 His
580 2201 601 2225 Ο
684 2200 831 2226 623-677
855 2210 901 2225 om.
917 2201 956 2228 Βς
1044 2200 1094 2224 624
1119 2201 1203 2225 breuis
1226 2200 1284 2231 c(stl
1309 2204 1332 2224 et
1352 2200 1382 2229 O';
1410 2206 1434 2225 et
1453 2201 1500 2225 dcl.
1515 2201 1647 2232 Bsicheler,
1668 2208 1705 2227 ost

63 2245 112 2270 del.
137 2246 224 2278 ssleyer
301 2245 357 2269 vide
378 2253 410 2269 ne
429 2244 478 2269 624
501 2253 568 2268 unus
585 2245 687 2269 relictus
711 2245 742 2268 sit
765 2253 796 2269 ea:
820 2245 932 2276 longsiore
951 2244 1074 2268 sententia
1178 2243 1228 2268 625
1252 2245 1293 2268 cui
1312 2245 1378 2268 iusta
1399 2244 1428 2274 C,
1454 2244 1593 2276 q(ui)b(us)
1615 2246 1662 2270 ista
1681 2246 1704 2269 A

98 2288 147 2313 626
166 2290 261 2314 inuicte
277 2289 310 2320 A,
329 2289 426 2313 inuicta
441 2288 462 2312 C
529 2286 580 2312 628
598 2288 697 2312 fructus
716 2296 751 2311 αη
770 2289 866 2312 fractus
884 2287 1005 2311 incertum
1021 2287 1047 2317 C,
1066 2288 1158 2311 fluctus
1173 2286 1196 2310 ,l
1249 2287 1308 2311 hinc
1322 2287 1354 2316 A,
1373 2287 1414 2311 hic
1429 2287 1450 2310 C
1517 2287 1567 2312 (529
1586 2289 1658 2312 morti
1673 2288 1703 2319 ⁴l,

63 2336 155 2357 mortes
174 2341 240 2357 corr.
259 2333 286 2356 in
305 2332 344 2356 -is
365 2331 385 2355 C
488 2329 538 2356 630
557 2335 706 2363 peccantum
726 2331 758 2361 A,
781 2335 912 2363 peccatum
933 2330 954 2354 (J
1056 2329 1103 2354 631
1123 2331 1259 2361 Λᾱψιίεἰῐξι
1281 2331 1330 2354 reis
1351 2330 1382 2360 O,
1408 2330 1517 2359 correri,
1546 2332 1586 2355 Da
1609 2340 1704 2363 quaeso

64 2376 165 2401 sceleris
178 2376 273 2408 Illeyer,
286 2375 439 2407 adquisitam
453 2375 510 2399 aliis
522 2373 655 2406 Rossbersj,
669 2375 832 2406 adquisitor-is
846 2374 938 2405 Peiper
991 2374 1046 2398 vide
1058 2378 1156 2405 nepos!
1169 2373 1215 2398 631
1231 2374 1313 2398 desint
1325 2373 1419 2404 aliquot
1431 2382 1516 2397 versus
1586 2373 1636 2398 633
1649 2384 1704 2407 poc-

64 2420 132 2444 canti
152 2420 184 2451 A,
204 2418 304 2444 correxi
374 2418 424 2443 635
444 2419 627 2451 Suppliciumq.
649 2419 730 2443 nescis
750 2417 808 2450 (sic)
828 2418 936 2450 spondes
956 2418 1088 2442 miseratus
1107 2425 1194 2441 eorum
1213 2425 1239 2441 es
1258 2417 1292 2440 sic
1311 2416 1334 2440 A
1356 2416 1459 2447 repetita
1476 2421 1550 2447 parte
1564 2418 1705 2448 posteriore

64 2470 93 2487 επ
110 2472 131 2487 v.
147 2461 209 2493 (3343
228 2462 318 2487 excidit
338 2462 387 2486 tale
406 2462 468 2494 quid
484 2463 575 2494 pietate
595 2463 707 2487 minatus
795 2460 846 2485 640
865 2464 918 2485 cote
938 2460 970 2491 ⁴l,
989 2460 1060 2484 nolui
1078 2461 1126 2484 ceti
1146 2459 1183 2490 (ut
1208 2459 1272 2484 Tert.
1285 2468 1380 2483 resurr.
1394 2468 1465 2483 cao-n,
1479 2461 1510 2483 32
1528 2460 1625 2484 viscera
1644 2462 1704 2489 ceti)

93 2510 151 2537 post
170 2505 219 2531 [342
233 2509 341 2537 possunt
360 2505 447 2536 aliqua
470 2514 521 2530 esse
539 2505 632 2529 omissa
727 2504 777 2529 (344
796 2505 893 2537 penitet
915 2508 973 2528 ante
995 2504 1021 2533 (Ὗ,
1045 2504 1167 2535 penitenti
1188 2503 1211 2526 A
1311 2501 1360 2526 646
1379 2507 1501 2534 rumpunt
1521 2502 1549 2533 C,
1567 2504 1661 2536 rumpit
1681 2504 1703 2527 11

97 2548 145 2574 647
164 2549 229 2573 inter
248 2557 328 2581 genae
346 2553 367 2573 et
386 2549 481 2573 ieiunia
500 2549 609 2580 spatium
628 2549 704 2573 trium
725 2549 867 2572 litterarum
882 2557 989 2572 vacuum
1009 2548 1034 2571 in
1055 2547 1076 2571 0

166 2642 216 2669 615
244 2642 323 2668 Paul.
341 2641 438 2675 eqlzes.
456 2646 480 2675 4,
497 2645 528 2668 26
546 2641 586 2667 sol
605 2651 658 2668 non
678 2641 787 2668 occidat
806 2650 888 2675 super
907 2640 1077 2666 iracundiam
1096 2642 1216 2666 vestram
1236 2639 1345 2671 (Matth.
1364 2643 1387 2671 5,
1403 2641 1454 2671 25),
1499 2639 1531 2670 ef.
1552 2641 1600 2665 sat.
1619 2643 1660 2664 155
1669 2648 1704 2671 sq.

98 2694 148 2720 617
166 2694 199 2726 cf.
213 2694 280 2721 Luc.
302 2698 361 2726 17,4
381 2694 478 2721 Matth.
493 2698 532 2727 18,
544 2698 631 2727 21sqq.
703 2694 752 2720 626
772 2694 844 2727 Very.
858 2694 926 2719 Aen.
942 2696 1022 2725 03365
1042 2692 1116 2726 eripe
1135 2701 1176 2718 ine
1196 2691 1247 2723 his,
1268 2690 1378 2719 invicte,
1398 2690 1478 2716 11111115
1496 2690 1592 2721 (Πναο,
1610 2690 1704 2717 xeos>

98 2745 133 2770 ar]
150 2748 172 2778 3,
186 2748 235 2772 728
305 2747 353 2772 627
375 2746 468 2773 Claud.
482 2750 524 2779 35,
534 2750 579 2772 971
592 2746 678 2773 exitio
691 2755 818 2772 succurre
832 2754 901 2772 meo.
937 2745 970 2777 cf.
985 2745 1067 2771 Drac.
1083 2744 1130 2770 IV
1137 2748 1168 2770 46
1238 2744 1286 2769 647
1312 2743 1356 2769 Or.
1369 2751 1413 2768 (crs
1428 2746 1450 2775 3,
1465 2746 1510 2768 3715
1523 2742 1643 2768 lacrimis
1658 2763 1663 2768 .
1677 2762 1682 2767 .
1697 2761 1703 2768 .

65 2796 173 2823 madere
192 2806 277 2831 genas
347 2797 430 2824 reddo
449 2797 467 2824 i.
486 2797 628 2830 spectanda
643 2797 754 2831 praebeo
