2106 3061
348 414 382 442 30

347 672 380 698 35

347 930 381 957 40

347 1189 381 1214 45

349 1449 382 1475 50

350 1706 365 1731 en

367 1706 382 1731 tn

180 2189 212 2214 27
241 2194 338 2215 mentes
357 2191 394 2221 M,
421 2192 536 2216 membra
555 2190 604 2215 FP
697 2189 730 2215 ‘28
754 2195 890 2216 uertuntur
913 2195 937 2216 et
964 2191 1068 2224 ispecies
1088 2191 1120 2215 M
1212 2191 1245 2216 ⁴29
1268 2190 1414 2216 babilonum
1434 2190 1483 2215 FP

113 2232 143 2258 31
164 2235 237 2259 Tunc
255 2234 292 2265 M,
312 2235 378 2259 Tum
397 2234 447 2259 FP
531 2234 562 2259 37
582 2235 621 2259 Ad
641 2244 666 2259 se
685 2243 732 2267 ego
752 2235 788 2265 M,
808 2236 872 2259 Adst
890 2243 936 2274 ego
951 2235 991 2258 Ιἠ
1078 2234 1111 2259 39
1131 2239 1221 2260 curant
1235 2235 1315 2259 AIFP
1399 2233 1431 2258 44
1451 2242 1527 2257 sonus
1542 2233 1565 2257 P

79 2284 118 2301 me
136 2276 201 2308 (M),
216 2278 248 2302 Et
266 2285 305 2302 me
317 2277 368 2302 FP

113 2319 146 2344 56
171 2320 221 2350 Qui
239 2319 289 2344 FP

685 167 836 194 EVGENII
872 168 1104 196 SATISFACTIO

484 253 642 285 irascente
667 253 726 285 deo
749 257 873 286 mentes
898 258 1062 286 mutantur
1086 259 1118 287 ct
1142 259 1241 291 artus,

442 319 466 337 30
529 308 696 336 vertuntur
720 315 844 339 sensus,
868 307 1003 337 vertitur
1027 310 1059 337 et
1083 309 1219 348 species.

484 356 656 387 Persarum
680 367 789 398 regem
814 357 1013 398 Babylonica
1036 369 1135 399 regna
1159 362 1322 391 tenentem

529 410 603 449 post
626 407 724 439 decus
748 408 874 449 imperii
898 410 1043 440 novimus
1069 421 1139 441 esse
1165 411 1291 443 bovem.

485 462 560 490 tunc
585 459 800 490 diademalem
823 462 992 501 turparunt
1017 471 1134 492 cornua
1159 462 1306 502 frontem,

442 525 465 544 34
527 511 668 552 mugitus
693 510 827 552 pecudis
851 511 951 542 verba
974 512 1065 543 fuere
1090 512 1188 551 ducis,

443 576 467 595 37
487 562 608 592 erravit
631 572 690 603 per
713 565 805 603 prata
830 573 940 603 vagus,
965 563 1052 594 mala
1075 564 1219 604 gramina
1242 567 1365 605 pastus.

528 617 560 644 et
584 615 636 655 qui
660 614 719 644 bos
744 614 858 647 fuerat,
884 614 923 645 de
948 615 1031 646 bove
1057 615 1162 646 factus
1187 616 1281 647 homo
1307 620 1364 647 est.

484 665 577 706 liquit
600 668 631 696 et
654 666 789 696 antistes
815 676 907 697 verus
932 669 1023 708 pater
1048 667 1101 697 ille
1126 667 1256 698 Ioannis

441 731 466 749 40
529 717 731 758 elinguisque
755 717 816 748 fuit
839 728 917 749 voce
942 721 1070 749 tacente
1096 719 1203 750 silens.

485 770 535 798 ast
559 778 618 809 ego
641 767 806 809 peccando
830 769 898 809 regi
923 768 1115 810 dominoque
1139 769 1264 811 deoque

527 820 618 861 peior
642 830 712 850 sum
737 819 842 850 factus
868 819 1069 861 deteriorque
1094 831 1183 852 cane.

485 872 617 902 vulnera
642 871 752 902 vexati
777 874 867 902 curat
892 882 950 902 sua
974 872 1084 913 lingua
1107 873 1255 903 molossi:

528 922 591 953 heu
616 933 677 963 me,
703 923 821 964 quippe
845 923 923 954 mihi
947 924 1081 954 vulnera
1105 924 1216 965 lingua
1240 924 1337 956 dedit.

442 990 466 1008 45
487 974 544 1006 sed
569 975 622 1016 qui
646 974 788 1005 restituit
812 974 945 1016 pecudis
972 978 1046 1017 post
1070 975 1212 1006 membra
1236 979 1417 1017 tyrannum,

527 1029 562 1057 ut
586 1026 679 1057 fieret
702 1026 831 1057 rediens
855 1027 886 1057 in
911 1037 970 1057 sua
993 1037 1093 1068 regna
1117 1027 1232 1067 bonus,

484 1078 602 1120 quique
626 1078 816 1109 reformavit
839 1079 929 1110 taciti
953 1079 1172 1110 modulamina
1195 1079 1297 1118 verbi,

527 1133 563 1161 ut
586 1130 735 1161 mutilata
758 1140 854 1161 sonos
878 1131 990 1172 lingua
1013 1131 1113 1172 ligata
1137 1131 1238 1170 daret,

485 1181 554 1223 ipse
579 1183 659 1213 meis
683 1185 794 1224 parcet
819 1183 931 1213 erratis
957 1186 1053 1224 atque
1077 1182 1210 1220 iubebit,

445 1248 469 1266 50
530 1236 566 1264 ut
589 1244 640 1265 me
665 1234 817 1276 respiciat
842 1234 1056 1275 restituatque
1081 1234 1161 1275 pius

444 1300 468 1318 53
488 1285 582 1327 culpa
608 1285 736 1327 quidem
761 1286 867 1327 gravis
892 1289 951 1323 est,
976 1286 1071 1317 venia
1095 1285 1152 1316 sed
1176 1286 1284 1327 digna,
1309 1289 1428 1325 reatus,

529 1337 614 1378 quod
640 1338 708 1369 sine
732 1338 858 1379 peccati
882 1338 1014 1369 crimine
1038 1348 1132 1368 nemo
1156 1338 1225 1368 fuit.

442 1404 466 1422 55
486 1399 560 1420 nam
585 1389 663 1420 deus
689 1390 892 1431 omnipotens
916 1389 1021 1431 potuit
1045 1389 1120 1420 dum
1144 1389 1298 1420 conderet
1321 1390 1433 1421 orbem

529 1440 675 1472 tristibus
700 1441 816 1472 amotis
841 1441 963 1482 optima
987 1442 1055 1472 sola
1078 1441 1165 1479 dare,

486 1491 544 1523 sed
567 1491 694 1523 diversa
717 1503 831 1524 creans
856 1496 888 1523 et
911 1492 1128 1523 discordantia
1151 1493 1256 1523 iunxit

531 1546 563 1575 et
586 1543 671 1574 bona
694 1544 797 1575 mixta
820 1544 913 1575 malis
939 1547 971 1575 et
994 1544 1080 1575 mala
1102 1545 1204 1575 mixta
1228 1544 1330 1575 bonis.

487 1595 533 1626 sic
558 1595 720 1626 elementa
743 1599 859 1637 potens
885 1596 1046 1627 contraria
1070 1596 1198 1626 miscuit
1221 1599 1334 1626 auctor

444 1662 468 1680 so
530 1646 661 1678 humida
685 1657 756 1677 cum
781 1647 886 1685 siccis,
910 1648 1007 1688 ignea
1031 1658 1102 1678 cum
1127 1647 1252 1688 gelidis.

486 1698 594 1729 littera
618 1698 826 1740 doctiloquax
850 1699 964 1740 apibus
989 1702 1125 1740 cognata
1148 1698 1311 1740 probatur,

530 1750 601 1791 quis
625 1750 720 1781 datur
742 1754 777 1782 ut
800 1751 941 1782 habeant
964 1751 1098 1782 vulnera
1121 1751 1218 1781 mella
1242 1751 1349 1785 simul3

490 1811 564 1832 cera
588 1801 642 1832 dat
665 1802 829 1843 ingenium
853 1803 971 1844 pueris,
997 1801 1169 1843 primordia
1194 1812 1319 1840 sensus,

532 1852 606 1884 inde
630 1853 665 1884 fit
688 1857 723 1884 ut
746 1857 890 1895 praestet
914 1855 1020 1885 littera
1045 1854 1095 1884 vel
1120 1856 1246 1884 noceat.

1654 176 1711 205 117

1575 2189 1609 2215 30
1632 2191 1679 2214 Pus
1700 2189 1723 2213 P

1636 2232 1669 2257 46
1689 2234 1721 2256 Vt

434 2278 554 2310 respiciat
572 2279 721 2310 respiciadq.
741 2278 780 2302 F¹
856 2277 889 2302 49
908 2279 1039 2309 cssqodcret
1052 2277 1080 2301 F
1150 2278 1181 2303 51
1202 2278 1325 2302 discordia
1337 2277 1362 2301 P
1430 2277 1512 2308 iungit
1531 2276 1566 2306 M,
1588 2276 1661 2300 iussit
1674 2275 1723 2299 Fl’

387 2319 419 2345 57
439 2321 480 2346 det
498 2320 521 2352 (e
539 2321 566 2345 in
584 2320 690 2353 rasura)
710 2320 738 2345 F

181 2430 214 2457 46
233 2430 391 2464 Enyelmodi
409 2439 487 2457 carm.
506 2435 527 2464 1,
537 2434 569 2457 24
589 2432 620 2457 ut
639 2432 666 2457 te
686 2431 817 2465 respiciat
