2106 3061
808 195 963 222 ORESTES
1640 204 1700 233 209

456 280 618 311 mentibus
642 281 783 312 incestis
830 292 902 312 nam
927 293 1002 312 mox
1027 283 1139 324 regina
1164 287 1310 324 proterva

456 331 584 372 inperat
608 332 704 362 acciri
729 333 875 373 populos,
900 344 1018 364 venere
1044 335 1157 365 eoacti.

457 383 592 414 aedibus
617 383 649 414 in
673 383 787 414 mediis
812 395 894 425 quae
919 385 964 415 sic
988 388 1038 416 est
1061 396 1134 416 orsa
1157 387 1290 427 profari:

455 433 577 464 ‘eximii
603 445 754 476 proceres
777 435 926 466 Danaum
951 437 1124 478 populique
1149 438 1265 478 pusilli,

369 493 419 519 385
456 496 536 527 quos
559 486 806 527 Agamemnonii
831 498 887 528 per
910 488 1017 519 ferrea
1040 488 1142 519 lustra
1167 489 1316 530 triumphi

455 547 518 567 non
542 548 684 569 mersere
709 539 791 577 neci,
816 539 873 569 sed
897 539 1001 569 adhue
1027 540 1186 580 superatis
1212 540 1322 571 inanes

455 588 631 620 visceribus
656 589 775 627 vacuis,
800 589 950 620 exhausti
976 591 1132 631 sanguine
1157 592 1241 621 fuso:

455 640 540 680 quod
565 651 621 671 vos
646 640 689 671 sie
715 641 828 671 minuit
853 642 958 672 saevis
984 641 1119 672 Bellona
1143 642 1269 679 duellis,

455 692 540 733 regis
566 692 660 734 eulpa
680 692 749 732 fuit,
773 693 827 734 qui
852 693 1001 724 exhausit
1025 693 1148 725 civibus
1175 694 1299 731 urbem,

369 750 420 777 390
456 743 585 774 conisus
610 743 741 775 viduare
766 755 874 782 nurus,
901 744 1016 775 orbare
1042 748 1193 786 parentes

457 797 489 825 et
512 798 605 826 natos
630 796 766 837 spoliare
792 796 887 827 rudes
912 796 1030 838 pietate
1055 800 1200 838 paterna.

455 846 530 878 inde
554 847 645 878 ferox
669 858 839 889 percussus
864 848 930 879 obit
955 848 1013 878 sub
1038 852 1140 879 morte
1166 850 1286 880 securis

457 898 579 940 (at)que
604 910 662 930 sua
687 899 791 940 proles
815 900 911 930 iacuit
936 900 1028 930 modo
1055 900 1181 931 vindice
1206 901 1314 931 fluctu.

456 950 599 991 spondeo
624 951 686 981 iani
712 951 864 992 requiem,
889 952 1048 993 placidam
1074 956 1202 993 sperate
1228 953 1385 993 quietem:

369 1009 419 1036 395
456 1002 523 1033 otia
546 1002 635 1044 pacis
660 1006 763 1040 erunt.
788 1004 910 1034 nullum
935 1009 1089 1034 nocturna
1114 1004 1284 1035 cubantem

455 1054 590 1085 classica
614 1055 797 1095 sollicitent,
822 1055 924 1085 nullas
949 1055 1025 1086 tuba
1049 1055 1199 1086 verberet
1223 1066 1330 1086 aures:

456 1106 655 1147 temporibus
680 1107 776 1137 licitis
800 1106 934 1137 blandos
959 1108 1120 1149 recerpite
1145 1118 1284 1138 somnos.

456 1167 571 1199 aspera
594 1158 660 1188 tela
683 1162 814 1189 vacant:
838 1161 1011 1189 curventur
1034 1159 1171 1190 falcibus
1197 1169 1302 1197 enses,

456 1209 583 1240 ossibus
608 1212 640 1240 et
663 1210 770 1241 nervis
795 1210 940 1241 deflexos
966 1210 1115 1241 cornibus
1139 1221 1233 1241 arcus

369 1268 420 1296 400
455 1260 496 1291 ad
519 1261 603 1292 solas
626 1264 735 1303 aptate
761 1261 845 1293 feras
871 1262 1056 1304 celeresque
1080 1262 1237 1293 volucres,

456 1312 581 1344 deliciis
605 1313 774 1354 epulisque
798 1313 890 1344 bonis
914 1314 1058 1345 refovete
1084 1317 1257 1352 senectam,

456 1364 590 1405 pignora
614 1368 760 1395 natorum
785 1365 896 1396 dulces
921 1366 1040 1397 nutrite
1065 1369 1210 1407 nepotes.

456 1416 550 1447 unica
572 1427 657 1447 mors
682 1419 784 1448 restat
807 1417 926 1448 morbis
951 1418 1041 1448 finire
1066 1417 1219 1448 salutem:

456 1468 583 1499 tramite
607 1471 742 1500 naturae
766 1469 862 1500 finem
887 1469 1070 1500 labentibus
1095 1469 1188 1500 annis

368 1527 419 1555 405
456 1520 519 1550 iam
544 1531 675 1562 sperare
699 1521 774 1552 lieet
798 1524 830 1552 et
854 1524 984 1562 praeter
1007 1521 1142 1552 vulnera
1166 1521 1242 1552 ferri

458 1572 598 1613 corporis
623 1572 771 1605 exitium:
795 1572 843 1603 fas
869 1575 918 1604 est
941 1583 1072 1614 sperare
1097 1572 1270 1614 sepulchra

455 1623 565 1655 ordine
590 1624 746 1665 legitimo„
772 1625 916 1655 flammas
941 1634 1072 1666 sperare
1096 1624 1233 1665 rogales,

456 1677 488 1706 et
511 1675 667 1706 tumulum
693 1676 753 1707 sibi
777 1675 911 1717 quisque
936 1678 1028 1718 paret
1051 1679 1124 1717 post
1148 1675 1243 1706 busta
1260 1685 1446 1716 perennem.

455 1727 608 1768 germinis
632 1727 686 1758 ille
711 1727 760 1758 sui
785 1727 923 1758 crudelis
948 1730 980 1759 et
1004 1727 1121 1768 impius
1146 1727 1246 1757 hostis

368 1786 420 1813 410
455 1789 514 1809 rex
537 1778 762 1820 Agamemnon
786 1782 866 1819 erat,
890 1779 1013 1821 patriae
1038 1779 1217 1810 dominator
1240 1789 1382 1810 amarus:

455 1830 532 1861 civis
556 1830 690 1872 Egistus
715 1831 776 1862 erit
799 1841 850 1862 me
874 1832 1045 1873 profitente
1069 1831 1243 1862 maritum)

455 1881 582 1914 dixerat
606 1886 637 1914 et
661 1886 794 1914 cunctos
819 1882 987 1914 discedere
1012 1883 1104 1914 iussit
1127 1883 1167 1914 ab
1191 1882 1265 1913 aula

163 2000 212 2026 381
233 2002 335 2027 incertis
352 2003 445 2034 Peiper
514 2002 564 2029 382
584 2005 687 2037 Inperat
697 2024 702 2029 .
717 2024 722 2029 .
742 2005 795 2029 citu
809 2005 915 2037 populos
929 2004 1007 2034 (duae
1021 2004 1119 2029 litterae
1131 2013 1183 2028 non
1196 2004 1316 2035 scriptae)
1330 2003 1354 2027 Β
1407 2003 1484 2027 acciri
1500 2002 1522 2026 A
1593 2001 1643 2026 383
1662 2011 1702 2026 ex-

63 2047 131 2069 torsa
149 2044 180 2074 B,
200 2053 289 2070 exorsa
308 2046 340 2073 A.
359 2055 425 2070 corr.
438 2046 529 2078 Peiper
548 2048 582 2079 cf.
595 2046 645 2071 809
723 2049 837 2080 profatur
865 2048 887 2071 A
984 2046 1034 2071 385
1058 2047 1239 2079 agamemonin
1263 2048 1372 2078 perferre
1398 2046 1420 2069 Β
1516 2045 1565 2069 386
1589 2045 1658 2069 necis
1682 2045 1705 2068 Β

97 2088 206 2119 supertis
229 2088 261 2119 B,
291 2090 416 2121 superatis
444 2090 476 2121 A⁷
505 2091 642 2122 superestis
673 2090 758 2115 Haase
859 2090 909 2115 388
936 2091 1009 2121 Quod
1032 2091 1067 2115 sie
1096 2091 1187 2114 minuit
1214 2098 1260 2114 uos
1287 2089 1310 2112 A
1390 2089 1481 2113 duellis
1507 2089 1524 2117 (i
1543 2089 1704 2119 paenultima

63 2139 92 2155 ex
110 2131 155 2161 οἳ)
174 2131 198 2154 Β
284 2131 334 2156 389
352 2140 403 2164 que
422 2133 523 2157 exausit
541 2133 614 2157 cibus
633 2133 669 2163 (ui
688 2142 764 2165 super
782 2134 804 2158 ei
823 2133 869 2163 1²²)
888 2133 912 2157 B
991 2132 1042 2157 390
1061 2134 1098 2157 To
1118 2133 1188 2157 nisus
1207 2132 1239 2162 B,
1260 2133 1309 2156 'rot
1328 2132 1403 2156 nixus
1424 2131 1454 2161 A,
1474 2140 1540 2155 corr.
1555 2131 1704 2155 Rothmaler

96 2172 144 2198 391
165 2175 239 2198 rudes
263 2174 295 2206 Α,
320 2176 390 2199 ciues
410 2175 434 2199 B
528 2175 579 2200 393
598 2177 682 2208 Atque
703 2176 731 2200 L.
747 2176 850 2206 Mffller,
871 2177 942 2206 Quae
962 2176 986 2199 Β
1055 2177 1111 2206 Quo
1135 2184 1179 2199 sua
1200 2184 1256 2199 eum
1277 2175 1345 2206 prole
1365 2175 1444 2198 iacuit
1463 2174 1486 2198 A
1557 2175 1660 2198 fluctum
1681 2174 1704 2197 Β

97 2215 147 2241 395
173 2217 283 2242 cubante
302 2218 325 2241 Β
411 2217 460 2243 396
483 2219 622 2243 sollicitant
646 2219 719 2243 nulla
745 2219 913 2251 stipulauerat
936 2227 1009 2243 aures
1029 2219 1052 2242 Β
1157 2217 1206 2242 397
1226 2218 1352 2249 decerpite
1373 2217 1404 2247 Α,
1430 2217 1587 2249 praecerpite
1614 2217 1705 2247 12:111ch-

97 2259 147 2284 398
171 2264 264 2285 uacent
282 2260 306 2284 Α
377 2269 468 2286 ensens
486 2261 511 2285 B
615 2261 664 2286 399
691 2262 795 2286 deflexis
823 2262 854 2291 A,
881 2265 906 2286 et
931 2262 1003 2285 flexis
1022 2261 1118 2291 Haase,
1142 2264 1167 2285 et
1192 2262 1270 2285 flexos
1290 2260 1381 2291 I'eipet·
1485 2258 1536 2283 400
1559 2260 1654 2291 agitate
1682 2260 1703 2282 A

97 2303 250 2335 scelerisque
268 2303 293 2327 Β
378 2302 428 2328 402
447 2304 558 2334 nutritae
576 2304 601 2328 Β
686 2303 736 2329 403
755 2305 827 2329 finire
847 2305 863 2333 (i
884 2304 966 2328 altera
985 2304 1011 2328 ἰιι
1030 2303 1137 2334 rasura)
1158 2303 1181 2327 Β
1251 2306 1377 2327 senectam
1393 2302 1415 2325 A
1435 2302 1477 2333 (ras
1495 2301 1557 2332 ⁴101,
1577 2302 1610 2333 (γ’.
1623 2306 1705 2325 tamma

64 2345 175 2377 Lucan.)
253 2345 303 2371 405
321 2351 345 2371 et
358 2347 416 2377 BA,
435 2347 475 2371 vel
494 2347 523 2371 L.
538 2347 634 2371 le’iller
712 2347 761 2372 ⁴107
781 2348 815 2379 Off!
823 2348 893 2372 rdine
913 2347 1000 2378 (erasa
1020 2346 1046 2378 o)
1068 2347 1092 2371 Β
1167 2345 1217 2370 409
1236 2347 1328 2378 impius
1346 2347 1418 2370 lieres
1438 2346 1461 2369 A
1531 2344 1581 2369 410
1599 2345 1662 2377 patri
1682 2343 1705 2367 Β

143 2387 191 2412 411
212 2397 251 2413 me
270 2389 402 2421 profitente
420 2389 451 2420 B,
472 2398 510 2414 me
529 2390 675 2422 proficiente
695 2390 717 2413 A
790 2399 870 2415 meme
890 2390 1047 2421 Rothmaler,
1068 2398 1105 2413 me
1126 2389 1174 2413 iam
1193 2389 1285 2420 Peiper
1371 2387 1421 2412 412
1441 2389 1592 2413 descendere
1612 2388 1635 2411 A

166 2498 216 2525 382
235 2498 302 2525 Stat.
320 2499 394 2525 Theb.
409 2504 430 2532 1,
444 2503 492 2526 532
511 2500 631 2534 imperat
650 2500 735 2527 acciri
755 2500 861 2533 (Claud.
875 2503 913 2531 33,
931 2503 967 2531 Τι’)
1038 2500 1086 2526 387
1106 2503 1129 2532 3,
1143 2503 1191 2525 152
1208 2507 1267 2525 cum
1288 2502 1352 2524 ιιοιιι
1422 2499 1471 2525 389
1491 2498 1593 2524 chcrcl.
1607 2502 1629 2529 6,
1644 2501 1705 2523 1135

65 2549 193 2575 exhausit
211 2549 318 2577 civibus
337 2551 431 2577 urbem
452 2552 533 2584 (Stat.
547 2553 602 2579 silv.
617 2556 639 2585 3,
655 2557 679 2586 5,
696 2556 726 2579 73
741 2552 831 2578 Sidon.
845 2560 923 2578 carm.
939 2556 961 2584 vj,
978 2554 1035 2584 581)
1055 2552 1085 2582 cf.
1101 2551 1173 2585 Very.
1192 2552 1254 2577 Aen.
1268 2556 1291 2583 δ’,
1308 2554 1351 2576 ,571
1422 2551 1472 2576 395
1493 2550 1540 2575 Sil.
1555 2556 1576 2581 v,
1594 2555 1606 2575 Τ
1624 2550 1704 2575 tubas

65 2603 254 2635 nocturnaque
279 2602 400 2629 classica.
438 2603 544 2629 Lucan.
567 2608 585 2635 7,
601 2608 634 2630 24
654 2614 686 2631 ne
706 2604 825 2638 rumpite
845 2613 954 2630 somnos
974 2605 1126 2629 castrorum
1146 2602 1253 2636 vigiles.
1274 2602 1364 2627 nullas·
1384 2602 1452 2627 iuba
1476 2602 1601 2627 vcrlwret
1627 2610 1705 2627 aures

98 2653 148 2680 398
169 2653 264 2680 Claud.
280 2657 319 2686 21,
331 2658 379 2680 223
398 2654 424 2680 in
445 2655 544 2681 falcem
564 2657 659 2681 curvet
676 2655 786 2689 gladios
874 2656 924 2682 399
948 2654 1053 2681 Ossibus
1078 2656 1106 2680 et
1128 2653 1218 2679 nervis
1239 2654 1270 2686 (r.
1287 2653 1338 2678 ind.
1354 2653 1402 2678 sub
1422 2654 1530 2685 os)1›r0
1548 2652 1704 2677 hominihus.

65 2704 186 2737 deflectitc
205 2713 283 2731 arcus
302 2706 335 2731 ab
352 2705 500 2731 hominibus
518 2709 541 2732 ct
559 2706 596 2732 ad
613 2707 681 2733 solas
699 2708 771 2739 s‘eras
788 2709 881 2740 aptate
968 2706 1019 2733 403
1039 2709 1081 2731 171
1099 2714 1155 2730 cum
1171 2707 1243 2730 nola.
1277 2704 1382 2730 Lucan.
1395 2708 1417 2736 5,
1434 2708 1482 2730 282
1501 2704 1586 2729 liccat
1604 2703 1705 2728 morbis

66 2755 141 2783 finire
165 2758 304 2783 senectam
390 2758 442 2784 404
465 2758 508 2783 (Jv.
526 2758 590 2784 trist.
605 2762 629 2790 4,
643 2762 680 2791 10,
699 2762 731 2784 27
748 2757 907 2784 labentibus
926 2757 1004 2784 annis
1023 2757 1098 2790 (Scae.
1112 2757 1166 2782 silv.
1180 2761 1203 2788 4,
1224 2761 1243 2789 1,
1266 2760 1309 2789 31)
1405 2757 1454 2782 407
1479 2758 1522 2782 Or.
1538 2764 1587 2780 (ιηι.
1601 2758 1624 2787 3,
1639 2760 1660 2786 51,
1675 2758 1705 2780 41

66 2807 190 2835 flammae
204 2828 209 2834 .
224 2829 229 2835 .
244 2829 248 2834 .
268 2808 377 2842 rogales

167 2864 328 2888 Sempromzs
346 2863 536 2892 Aunemssnu
554 2863 615 2887 xlv
630 2862 651 2888 1.
1468 2857 1500 2882 27
