2106 3061
750 165 783 190 11.
820 165 932 191 INDEX
952 166 1162 193 VERBORVM.
1712 175 1769 205 391

135 246 277 283 pomum]
297 251 318 279 1,
333 249 381 273 198
399 248 501 273 nutant
514 248 635 281 pendula
648 258 738 283 poma.
770 253 817 276 718
836 251 927 277 dulcia

169 290 252 315 poma
269 281 328 313 (ου.
341 281 403 312 fast.
418 284 441 313 2,
455 283 523 315 256).

134 315 356 350 ponderosus]
385 315 402 341 i.
422 324 445 348 q.
463 316 609 342 herniosus.
646 317 716 351 Eury.
734 326 755 344 c.
775 321 815 349 89,
828 322 842 344 5
861 327 929 352 pon-

169 350 265 376 deroso
283 349 472 376 *incantitans
491 351 525 381 cf.
539 353 611 377 nota.

134 383 278 418 pondus]
306 384 373 410 Mer.
387 387 459 417 poet.
478 388 509 410 94
531 385 653 418 pondera
678 393 769 411 rerum
850 395 928 413 casus

168 420 243 453 agat.
280 417 366 444 Drac.
380 423 401 450 1,
415 422 465 444 699
477 419 600 452 pondera
612 419 708 445 mundi
721 421 845 446 concutit
858 421 927 447 deus.

168 456 257 485 2,107
279 454 419 478 terrenum
446 453 565 487 sumpsit
591 462 653 480 cum
682 462 793 487 corpore
821 455 928 488 pondus

171 487 300 513 Christus.
345 490 397 512 470
425 488 545 520 corporis
574 509 580 515 .
599 508 604 514 .
625 509 630 514 .
658 489 761 515 terreni
790 489 928 522 ponderis.

167 524 191 554 3,
203 524 235 548 63
264 521 387 554 pondera
413 529 547 554 gemmae.
598 525 645 548 353
672 523 778 556 pondus
803 523 927 549 dicionis.

133 555 230 589 pono]
254 558 278 587 3,
294 559 343 582 224
366 555 421 581 dux
444 556 575 589 gentibus
593 576 599 582 .
614 578 618 582 .
634 577 640 583 .
659 557 772 590 positus.
816 560 865 583 sat.
883 562 929 583 141
954 575 955 584 η

168 589 311 623 trepidans
340 589 479 616 venabula
506 592 600 624 ponat.
649 592 702 617 III
717 595 748 617 10
778 600 928 625 numquam

167 625 292 658 positura
307 632 398 650 comas
417 644 421 650 .
438 645 443 651 .
459 645 463 651 .
482 625 564 651 oliva.
596 625 658 652 VII
668 630 694 651 71
711 626 749 652 sic
761 626 867 660 positus
880 626 929 652 tabi

166 660 197 684 in
214 658 372 684 condicione.

133 701 199 753 poln
207 693 227 726 s]
256 696 280 725 3,
300 695 348 719 681
377 694 490 726 pontem
518 693 626 719 factura
656 693 728 720 iacet
758 694 928 720 sermonibus

177 735 270 760 myua.

133 761 301 796 pontifex]
320 764 343 793 2,
357 764 406 787 687
422 761 560 794 pontificis
583 761 644 788 loca
663 770 739 788 sacra
758 764 862 789 tenens.
882 763 928 796 (cf.

167 798 215 822 sat.
229 798 263 822 39
281 796 419 829 antistes).
450 795 566 822 VII109
584 796 727 829 pontifices
740 797 818 823 sacri.
856 797 935 823 VIII

166 833 212 856 181
230 829 375 863 pontifices
394 850 399 855 .
415 850 421 855 .
435 849 441 855 .
460 831 568 856 sacrata
587 832 719 864 potestas.

132 864 335 898 pontificali
343 864 365 898 s]
376 864 447 897 Euy.
458 872 479 890 c.
490 868 514 896 8,
524 869 556 890 44
566 865 748 891 ministerium
761 865 927 899 pontificale.

166 907 228 932 app.
242 902 280 930 21,
294 903 311 924 4
329 898 497 932 pontificalis
516 899 611 926 honor.
647 900 759 925 Braul'io
778 900 850 932 epist.
863 903 887 933 2,
900 905 928 926 11

166 933 345 966 indulgentia
363 933 539 966 pontificalis.

131 968 268 1001 pontus]
287 975 310 993 v.
324 975 344 993 s.
357 975 379 993 r.
399 967 532 993 caerulus

131 1002 261 1036 poples]
281 1004 305 1034 3,
319 1005 367 1028 196
379 1002 486 1035 poplite
500 1001 617 1027 subnixo
628 1001 770 1034 gladiator.
795 1002 875 1027 VIII
883 1005 929 1028 521

166 1044 281 1070 procera.
293 1044 391 1070 regens
404 1036 433 1061 in
446 1036 553 1069 poplite
566 1036 688 1062 membra
701 1038 826 1062 venusto.
857 1036 929 1070 Euy.

166 1078 187 1097 c.
201 1074 224 1102 6,
238 1073 254 1096 8
272 1078 380 1104 gressus
400 1070 508 1104 poplite
527 1073 637 1097 nutans.

131 1105 324 1139 populator]
350 1105 429 1131 V211
452 1105 646 1139 populatorem
670 1105 810 1131 Romanae
836 1104 928 1138 gentis

165 1139 355 1199 Ξῖοιῖηἶῖιίϋαῖεφη.
402 1139 449 1165 IX
473 1143 504 1165 93
529 1140 629 1166 Iliacae
658 1139 807 1173 populator
837 1140 928 1172 gentis

214 1182 232 1198 u
253 1181 286 1199 es.

131 1208 272 1242 populo]
292 1211 315 1239 2,
328 1211 380 1234 506
397 1208 557 1241 populando
576 1208 710 1234 cohortes
752 1208 826 1233 VIII
834 1212 850 1234 4
868 1208 929 1234 tha-

166 1242 232 1268 lami
247 1242 430 1276 populantem
442 1243 503 1268 iura
516 1243 609 1268 mariti
624 1242 720 1268 Parin.
751 1245 800 1268 266
822 1242 929 1268 Troiam

165 1277 271 1302 vestras
296 1277 443 1310 populasse
467 1286 574 1303 manus.
615 1280 663 1303 323
686 1277 813 1302 Patroclo
841 1285 928 1310 popu-

165 1311 242 1337 lante
262 1331 267 1338 .
283 1331 309 1338 ..
329 1311 493 1337 Centaurica
516 1312 611 1338 lustra.
652 1311 695 1337 Or.
710 1314 760 1337 270
782 1311 929 1345 populavit

165 1345 288 1371 membra
311 1345 420 1371 securis.
457 1346 529 1380 Euy.
549 1354 570 1372 c.
587 1350 640 1377 101,
654 1351 682 1372 11
705 1353 781 1379 spem
808 1365 814 1372 .
829 1366 854 1372 ..
873 1346 929 1371 fru-

166 1389 231 1413 gum
251 1380 370 1413 populat
389 1401 395 1406 .
409 1400 434 1406 ..
453 1380 558 1414 grando
577 1380 689 1414 lapillis.

130 1414 288 1448 populor]
310 1415 378 1440 Mer.
387 1422 459 1447 pros,
472 1418 488 1440 2
501 1416 527 1440 Β
538 1418 568 1441 12
586 1415 691 1441 exierat
704 1414 828 1440 Romana
841 1422 928 1447 popu-

165 1449 263 1474 latum.
295 1451 362 1482 poet.
375 1452 409 1475 87
427 1449 500 1483 (ture
513 1457 561 1475 suo
574 1449 721 1483 p)0pulare
740 1448 813 1474 deos.
844 1448 928 1474 Drac.

167 1482 198 1508 X
209 1486 257 1509 277
272 1483 396 1509 Amorem
414 1484 578 1517 populatum
597 1484 704 1517 templa
722 1483 835 1509 Dianae.

130 1517 285 1552 populus]
312 1518 382 1543 Mer.
398 1520 465 1550 poet.
484 1521 514 1544 21
540 1518 657 1551 populos
748 1517 862 1543 urbibus
882 1537 888 1543 .
901 1537 907 1542 .
922 1536 928 1543 .

165 1552 295 1578 reddidit.
336 1556 369 1578 50
393 1552 452 1577 Nili
475 1552 595 1586 populis.
637 1555 683 1579 106
706 1551 857 1585 populique
879 1559 929 1585 pa-

165 1587 301 1619 trumque.
333 1589 378 1612 139
388 1586 451 1612 feris
461 1587 579 1621 populis.
632 1587 714 1613 Drae.
725 1586 804 1618 ferei.
816 1594 839 1619 q.
848 1586 928 1611 homi-

164 1628 218 1653 nes,
237 1621 316 1646 turba
327 1620 378 1646 ‘die
392 1620 491 1647 Leuee‘.
531 1624 554 1653 2,
568 1624 618 1647 420
637 1621 753 1654 populos
773 1622 801 1646 ct
818 1620 929 1646 moenia

165 1655 288 1681 damnat.
324 1658 375 1681 463
393 1656 503 1688 populis
524 1655 740 1689 (s)pectantibus
759 1663 847 1681 euros.
879 1658 929 1681 510

165 1690 209 1715 tot
232 1689 352 1723 populis.
388 1692 411 1721 3,
424 1694 459 1717 40
482 1690 594 1724 populis
616 1690 780 1716 insontibus.
816 1693 861 1716 199
879 1698 928 1722 po-

164 1724 247 1758 pulus
268 1726 434 1757 spectatores.
475 1728 522 1751 285
547 1725 686 1750 invadunt
709 1724 827 1758 populos
850 1724 868 1750 i.
890 1726 928 1749 tot

164 1758 254 1784 hostes.
290 1761 343 1785 360
366 1759 498 1785 miramur
521 1758 619 1792 populi
642 1767 698 1784 nos.
734 1762 786 1784 449
810 1758 927 1792 populos

166 1801 228 1819 cum
254 1793 407 1820 moenibus
453 1798 495 1820 755
521 1793 625 1819 insonti
653 1793 765 1827 populo.
806 1795 856 1818 sat.
879 1796 928 1818 216

165 1827 263 1887 ΞΞΕΣΗ
276 1828 360 1888 ιζΫέὸ
372 1827 667 1896 ἒέἓὶῗῗᾼῳὲῗοέρῖἓ
680 1826 927 1888 ἵζ”ἰωῑῑὲἓὲἷῖὲῗ

167 1896 258 1922 Χ522
285 1897 395 1930 populi,
424 1897 553 1928 conviva,
582 1896 711 1922 ministri.
754 1896 798 1922 Or.
812 1899 860 1921 201
885 1897 928 1921 tot

165 1939 270 1963 regum.
289 1934 333 1956 tot
352 1931 526 1965 populorum.
556 1933 607 1956 382
626 1931 723 1964 regina
807 1930 928 1963 imperat

165 1965 248 1991 acciri
268 1966 395 1998 populos.
435 1968 485 1992 384
500 1964 595 1991 eximii
608 1974 733 2000 proceres
753 1985 758 1990 .
773 1985 778 1990 .
792 1984 798 1990 .
817 1964 928 1998 populi-

166 2007 220 2032 que
238 1999 341 2032 pusilli.
380 2003 427 2026 958
446 2000 590 2033 excipiunt
608 2000 706 2034 populi
726 1999 883 2025 absolutum.

132 2034 313 2068 porcellus]
333 2034 404 2067 Euy.
417 2042 437 2060 c.
455 2038 492 2066 70,
506 2038 522 2060 4
541 2035 569 2059 et
587 2043 648 2068 por-
665 2033 775 2060 triticea
789 2034 927 2059 verrentes

166 2068 291 2101 germina
309 2069 412 2094 -cellos

131 2102 282 2136 porrigo]
307 2103 377 2129 Mer.
395 2111 416 2129 c.
436 2106 459 2134 3,
474 2106 490 2128 6
517 2102 661 2137 (poi->figit
686 2122 691 2127 .
711 2123 716 2128 .
733 2123 739 2129 .
763 2102 851 2128 buxus
876 2121 881 2127 .
902 2122 928 2128 ..

166 2137 248 2162 latus.
284 2137 366 2164 Drac.
384 2137 466 2163 V138
478 2145 623 2171 porrexere
644 2157 648 2162 .
663 2157 669 2163 .
684 2157 689 2163 .
709 2137 841 2163 dextram.
880 2136 928 2161 IX

169 2174 197 2197 72
215 2171 333 2197 moriens
352 2172 543 2198 tremibundos
566 2171 685 2205 porrigit
703 2173 787 2197 artus.
824 2171 893 2203 Euo.
906 2178 927 2197 c.

168 2208 191 2237 2,
207 2209 222 2231 7
239 2206 351 2239 porrige
369 2206 495 2240 poscenti
514 2206 628 2232 victum.
664 2209 705 2237 20,
719 2210 751 2232 50
769 2213 869 2239 panem
883 2213 928 2238 pe-

166 2239 237 2265 tenti
263 2241 437 2275 porrigamus
461 2241 587 2274 pauperi.
628 2243 667 2273 33,
681 2244 713 2266 17
737 2240 848 2274 porrige
873 2259 879 2266 .
898 2259 927 2266 ..

166 2274 278 2300 auribus
298 2283 380 2305 escas,
396 2275 518 2307 filomela.

132 2309 245 2343 porta]
274 2308 318 2335 Or.
331 2312 382 2335 248
405 2309 503 2335 limina
528 2310 633 2343 portae.
672 2312 716 2334 726
733 2308 803 2334 fores
822 2308 927 2341 portae.

133 2343 317 2377 portendo]
337 2348 357 2376 1,
371 2347 405 2370 87
422 2344 444 2370 si
463 2344 537 2369 mala
560 2343 728 2377 portendant
752 2341 929 2367 intransitive.

132 2377 259 2411 portio]
280 2382 301 2410 1,
315 2381 364 2404 328
382 2379 450 2404 haee
470 2378 562 2412 portio
585 2377 695 2403 telluris.
734 2379 757 2408 3,
771 2379 820 2402 302
837 2375 929 2409 portio

166 2411 282 2438 telluris.
318 2417 366 2438 414
384 2421 534 2446 poenarum
549 2412 640 2446 portio
654 2411 741 2438 tristis
754 2411 842 2444 inferi.
881 2413 930 2436 556

167 2448 253 2478 quota
277 2447 370 2480 portio
395 2455 485 2473 rerum
512 2455 560 2473 nos
583 2455 684 2472 sumus.
727 2445 825 2471 V1119
844 2446 929 2477 quota

167 2480 259 2513 portio
284 2481 371 2514 patris
399 2482 488 2507 omnis
515 2482 624 2507 constat
651 2481 732 2506 homo
760 2480 804 2511 (ef.
827 2480 927 2504 Auson.

167 2517 224 2547 341,
240 2516 276 2548 8).
318 2515 362 2542 Or.
377 2519 423 2542 135
441 2516 532 2549 portio
552 2515 671 2549 praedae
692 2513 853 2540 Cassandra.

133 2549 240 2582 porto]
261 2550 328 2576 Mer.
338 2552 406 2582 poet.
419 2553 468 2576 178
486 2550 572 2576 letum
594 2549 715 2576 errantia
734 2549 849 2582 portant
868 2547 927 2573 tela.

168 2582 251 2609 Drac-
265 2587 288 2616 2,
303 2587 349 2610 178
368 2584 480 2610 delicias
500 2585 624 2616 (marma)
642 2585 753 2618 portare
773 2591 873 2616 parans
887 2603 892 2608 .
905 2602 910 2607 .
922 2602 928 2607 .

166 2617 261 2644 imber.
305 2621 357 2644 637
378 2619 530 2653 portabant
553 2627 660 2644 nomen.
702 2621 725 2650 3,
745 2621 776 2643 56
801 2617 928 2642 Abrahae

167 2653 299 2685 portante
318 2653 380 2679 sinu
395 2653 479 2686 pium.
516 2657 563 2679 459
581 2654 705 2687 portasse
724 2651 888 2685 triumphos.

133 2686 243 2720 posco]
265 2686 332 2714 Mer.
346 2695 366 2713 c.
379 2691 402 2719 2,
416 2691 448 2713 12
461 2695 573 2721 poscere
586 2690 652 2713 vota
665 2688 765 2719 (nom).
799 2688 869 2720 poet.
883 2689 929 2711 105

168 2729 250 2753 quem
273 2721 364 2747 ducem
391 2726 516 2755 posceret
544 2721 632 2748 Orbis.
677 2724 723 2747 182
747 2721 857 2747 veniam

168 2763 280 2788 poscere
293 2757 381 2789 gestu.
406 2757 489 2782 Drac.
503 2760 526 2787 2,
536 2760 585 2782 679
598 2755 775 2790 poscentibus
787 2755 805 2781 i.
815 2762 927 2787 precau-

167 2789 244 2816 tibus.
280 2793 329 2816 sat.
343 2794 376 2816 99
394 2790 522 2824 indulges
541 2792 649 2817 veniam
663 2789 848 2824 poscentibus.
879 2792 927 2814 108

1018 260 1100 285 posco
1123 260 1234 285 gemens
1260 254 1368 280 veniam
1392 255 1433 281 ab.
1469 258 1519 282 305
1542 256 1589 289 qui
1616 257 1704 290 poscit
1723 258 1774 283 hac

1018 288 1079 324 lege
1104 286 1197 319 deum,
1221 289 1335 314 ut
1374 289 1436 315 119
1462 298 1563 315 numen
1587 299 1668 324 poseo
1696 293 1774 317 tuum

1017 328 1034 345 ².
1047 328 1183 358 uupreeor.
1220 321 1244 346 V
1255 326 1270 347 2
1283 322 1413 355 poscitur,
1434 326 1472 349 ut.
1504 324 1579 349 VIII
1590 329 1637 350 270
1656 326 1774 358 posceris

1018 354 1163 380 Hesionen.
1186 358 1237 381 289
1249 358 1272 381 te
1285 356 1408 382 scindere
1421 358 1579 390 poscebant.
1602 363 1652 385 540
1665 368 1773 393 puppes

1016 390 1044 413 et
1062 389 1144 414 litora,
1163 392 1280 422 poscunt
1298 391 1315 416 i.
1330 394 1433 423 petunt,
1453 392 1487 423 cf.
1507 401 1626 425 reposco.
1667 393 1710 418 Or.
1724 398 1775 419 860

1015 430 1085 455 quae
1109 423 1222 448 numina
1245 432 1359 457 poscens
1384 425 1483 451 eliciat.
1520 426 1588 459 Euq.
1602 435 1623 452 c.
1637 431 1678 459 20,
1694 431 1727 453 55
1746 430 1773 453 te

1017 456 1178 483 confitentes
1198 476 1203 482 .
1218 478 1223 484 .
1239 478 1244 484 .
1264 459 1398 491 poscimus
1418 467 1562 491 precamur.
1599 464 1636 491 35,
1652 465 1666 486 5
1692 470 1773 494 posco

1014 491 1191 524 παρένθετον.

981 525 1162 558 possessio]
1190 530 1211 557 1,
1229 528 1277 551 354
1305 526 1416 551 sibimet
1442 526 1507 552 data
1529 527 1565 553 sit
1591 529 1722 561 possessio
1742 530 1770 561 (i.

1014 559 1091 591 quasi
1111 560 1152 592 p.)
1177 559 1301 585 mundus.
1345 560 1478 586 1'111196
1506 561 1631 588 Troianis
1659 563 1771 589 dabitur

1015 594 1090 619 totus
1110 594 1243 626 possessio
1262 594 1389 620 mundus.

981 627 1154 661 possideo]
1176 628 1242 653 Mer.
1256 635 1275 653 o.
1290 632 1310 659 1,
1326 632 1341 654 6
1360 628 1426 654 tecti
1451 628 1570 654 medium
1591 650 1636 656 ...
1656 638 1705 656 ceu
1724 650 1730 657 .
1745 651 1769 656 ..

1015 662 1138 695 possidet
1157 664 1230 687 astra
1243 662 1300 695 poli
1314 663 1461 696 Augustus.
1498 663 1579 689 Drac.
1591 667 1639 689 sat.
1653 668 1685 690 89
1703 667 1771 690 tem-

1015 696 1105 729 peries
1125 696 1245 722 medium
1264 697 1333 722 caeli
1352 705 1401 723 nec
1422 697 1545 730 possidet
1563 698 1663 724 orbem.
1703 699 1771 725 X11

1015 730 1137 763 possidet
1238 732 1348 763 pectore
1375 733 1481 757 caelum
1505 731 1607 757 Medea.
1644 732 1704 765 [Or.
1724 737 1774 759 427

1015 764 1138 798 possedit
1155 764 1248 797 trad.].

981 798 1099 832 possid
1109 799 1134 832 ο]
1159 802 1243 830 3,166
1268 798 1374 824 caelum
1394 799 1516 832 possedit
1531 807 1596 832 ¹qens
1616 800 1675 826 Isac
1692 801 1772 833 (168).

1016 836 1065 859 296
1083 841 1131 858 ara
1150 853 1156 858 .
1172 853 1177 858 .
1191 853 1196 858 .
1215 833 1338 867 possedit
1357 833 1479 859 harenas.
1516 833 1539 859 V
1551 837 1601 859 325
1619 842 1773 867 possessure

1016 867 1101 900 polos.
1140 867 1231 893 Χ322
1257 869 1376 893 mentem
1398 868 1521 900 possedit
1551 868 1640 893 inanis
1668 869 1774 902 religio.

981 901 1125 934 possum]
1150 902 1216 928 Mer.
1235 910 1255 927 c.
1272 904 1295 933 3,
1313 905 1327 926 7
1351 904 1469 934 possent.
1514 902 1607 928 Christ.
1625 905 1656 927 12
1679 903 1773 936 possis.

1018 938 1051 961 30
1069 935 1192 969 potuisse
1211 955 1217 962 .
1231 956 1236 961 .
1251 956 1257 962 .
1277 937 1395 969 poteras.
1431 936 1514 961 Drac.
1528 941 1549 968 1,
1562 940 1606 962 749
1623 938 1655 962 ut
1668 938 1773 963 valeam

1016 978 1166 996 memorare
1185 972 1246 996 tuas
1266 990 1271 996 .
1287 990 1311 996 ..
1337 970 1432 995 laudes
1455 978 1523 1003 quas
1548 973 1651 1004 potero.
1691 974 1713 1001 3,
1726 975 1774 997 359

1016 1006 1125 1030 tantum
1152 1005 1275 1038 potuisse
1294 1004 1423 1029 dolorem.
1462 1004 1549 1030 Χ528
1567 1013 1717 1038 numquam
1735 1006 1774 1031 sic

1016 1047 1095 1072 posse
1125 1047 1231 1064 venena
1258 1038 1374 1064 credidit
1401 1038 1418 1063 i.
1447 1041 1500 1063 tam
1526 1038 1613 1064 valida
1640 1047 1700 1065 esse.
1741 1040 1774 1071 cf.

1016 1072 1087 1106 Euy.
1106 1072 1162 1098 hex.
1180 1076 1230 1099 420
1254 1081 1302 1099 ceu
1329 1072 1433 1098 femina
1458 1073 1545 1106 possit
1568 1073 1603 1098 ad
1627 1072 1672 1104 (ef.
1689 1076 1773 1107 nota).

1021 1106 1065 1133 Or.
1094 1110 1141 1133 780
1177 1107 1250 1140 quod
1287 1106 1380 1141 potuit
1411 1106 1514 1140 pietas,
1551 1107 1643 1133 vultus
1673 1109 1775 1134 avertit

1017 1141 1133 1167 Orestes.
1179 1141 1252 1174 Euy.
1269 1149 1288 1167 c.
1311 1144 1382 1171 98,4
1410 1141 1483 1174 quod
1511 1150 1619 1174 possum
1647 1141 1773 1168 breviter.

1016 1176 1050 1207 cf.
1071 1175 1211 1209 Rossberq,
1239 1175 1328 1201 Fleck.
1348 1175 1441 1201 Jahrb.
1460 1179 1537 1206 1884,
1562 1179 1669 1208 645sqq.
1739 1177 1774 1208 cf.

1036 1212 1121 1236 otens.

982 1219 1066 1278 popst]
1090 1244 1156 1270 Mer.
1166 1251 1236 1276 pros.
1251 1246 1266 1269 2
1279 1243 1306 1269 Β
1321 1246 1352 1269 23
1370 1252 1420 1269 nec
1433 1243 1520 1269 multo
1535 1243 1629 1276 (p)ost.
1656 1247 1726 1276 poet.
1740 1248 1775 1270 45

1016 1280 1079 1312 post
1098 1279 1188 1304 lauros
1212 1277 1316 1303 rediere
1341 1280 1430 1311 togae.
1468 1280 1516 1303 148
1535 1279 1598 1311 post
1617 1277 1689 1304 bella
1708 1278 1774 1311 (195)

1016 1313 1097 1339 redit.
1167 1312 1250 1338 Drac.
1273 1312 1303 1337 (Ie
1329 1312 1400 1338 loco.-
1430 1311 1489 1337 1⁷11
1506 1315 1537 1338 85
1566 1311 1685 1345 accipiat
1711 1317 1774 1346 post

1017 1356 1095 1373 crura
1114 1348 1195 1373 notas
1213 1354 1296 1379 equus
1313 1347 1342 1371 'iu
1355 1347 1421 1372 circo
1434 1353 1550 1371 currens.
1581 1350 1610 1372 95
1623 1348 1686 1379 post
1699 1355 1774 1380 prae-

1016 1382 1102 1415 sepia.
1143 1381 1188 1407 Or.
1209 1384 1253 1407 726
1277 1383 1339 1414 post
1434 1380 1503 1406 fores
1528 1381 1632 1414 portae.
1685 1381 1715 1406 de
1733 1389 1775 1406 or-

1015 1415 1089 1441 dine:
1107 1419 1158 1442 sat.
1169 1419 1217 1442 107
1228 1420 1291 1449 post
1305 1417 1339 1441 te.
1393 1414 1425 1440 de
1438 1417 1560 1447 tempore:
1615 1414 1672 1440 adv.
1686 1418 1708 1447 2,
1720 1419 1772 1441 127,

1015 1453 1038 1482 3,
1055 1454 1107 1476 719.
1131 1450 1154 1476 V
1166 1453 1218 1476 112,
1245 1449 1382 1475 VIIIJ49.
1421 1450 1498 1481 quasi
1515 1449 1608 1474 subsi..‘
1627 1451 1650 1480 3,
1664 1453 1712 1474 740
1725 1458 1774 1475 nec

1015 1484 1098 1518 ‘post'
1123 1484 1198 1510 cadit
1221 1484 1250 1509 in
1276 1486 1310 1509 te.
1378 1491 1471 1516 praep.
1492 1483 1644 1515 plerumque
1668 1483 1775 1509 breviter

1015 1520 1110 1545 iuncta
1135 1527 1193 1544 cum
1219 1518 1324 1543 nomme
1342 1518 1380 1543 ita
1398 1520 1441 1549 ut,
1465 1517 1528 1550 quid
1545 1519 1647 1550 factum
1670 1518 1705 1543 sit
1725 1525 1776 1551 per

1016 1553 1083 1579 illud
1100 1553 1137 1579 vel
1161 1553 1198 1578 ad
1221 1551 1300 1583 illud,
1319 1551 1458 1577 subaudiri
1475 1553 1605 1584 oporteat:
1628 1556 1648 1583 1,
1661 1555 1693 1577 58
1711 1554 1774 1585 post

1016 1590 1142 1621 tempora
1165 1588 1247 1613 certa.
1283 1589 1318 1612 88
1341 1588 1403 1619 post
1421 1586 1512 1611 saecla
1535 1587 1611 1617 (622).
1647 1589 1693 1611 241
1713 1588 1775 1619 post

1018 1624 1125 1648 cuncta.
1162 1625 1184 1653 2,
1197 1625 1231 1648 80
1250 1622 1312 1653 post
1325 1620 1429 1654 templa
1444 1620 1486 1646 dei
1502 1627 1621 1652 possessa
1634 1628 1652 1644 a
1666 1620 1773 1646 Christo.

1017 1660 1063 1682 157
1078 1657 1142 1690 post
1160 1656 1257 1681 nubila
1276 1657 1381 1680 maesta.
1399 1655 1436 1686 (2,
1452 1657 1501 1680 663
1519 1662 1545 1687 p.
1564 1663 1590 1680 n.
1610 1662 1700 1680 crassa
1718 1662 1774 1680 eae-

1016 1691 1124 1724 citat'is).
1166 1693 1211 1716 163
1233 1690 1296 1721 post
1318 1689 1373 1714 ima
1396 1689 1460 1714 freti
1484 1688 1597 1714 disiecta.
1638 1692 1688 1714 509
1712 1690 1775 1722 post

1016 1725 1121 1751 viscera
1140 1724 1234 1750 matris
1253 1724 1323 1748 inita
1346 1732 1362 1748 a
1383 1723 1496 1748 Christo.
1531 1726 1578 1748 564
1597 1724 1659 1755 post
1677 1722 1775 1748 funera

1016 1759 1113 1785 carnis,
1148 1762 1197 1785 660
1221 1759 1283 1791 post
1305 1759 1401 1783 funera
1423 1759 1527 1790 septem
1555 1760 1649 1789 septem
1672 1757 1774 1782 maricis

1015 1795 1120 1820 necatis.
1156 1797 1179 1825 3,
1192 1797 1221 1819 55
1240 1794 1302 1825 post
1320 1801 1369 1818 sua
1388 1792 1510 1817 membra
1527 1791 1545 1816 i.
1565 1793 1691 1817 mortuus.
1728 1795 1774 1817 225

1016 1829 1087 1854 retia
1109 1830 1171 1861 post
1195 1827 1288 1861 pelagi
1312 1846 1318 1852 .
1333 1847 1338 1852 .
1353 1845 1377 1852 ..
1403 1834 1511 1859 praeco.
1547 1828 1595 1851 276
1613 1827 1675 1858 post
1698 1834 1774 1851 arma

1017 1862 1136 1895 tyranni.
1173 1865 1223 1888 667
1246 1862 1308 1895 post
1332 1860 1453 1893 <i>sta[t].
1488 1863 1511 1892 3,
1525 1862 1574 1885 503
1599 1861 1659 1892 post
1682 1860 1774 1886 tristia

1016 1897 1112 1922 funera
1131 1896 1199 1922 nati.
1238 1899 1291 1921 508
1310 1896 1372 1928 post
1456 1893 1578 1920 fulminis
1598 1894 1683 1927 ignes.
1719 1898 1773 1920 519.

1018 1934 1069 1957 640
1091 1933 1153 1964 post
1175 1930 1279 1955 viscera
1304 1930 1388 1955 cetae.
1434 1932 1481 1954 704
1500 1928 1661 1954 *revirentis
1684 1928 1774 1954 adhuc

1017 1968 1080 1999 post
1098 1973 1158 1991 ossa.
1178 1966 1313 1990 senectae.
1351 1966 1403 1989 718.
1425 1966 1474 1988 748
1498 1964 1560 1996 post
1579 1971 1675 1995 corpus
1695 1964 1774 1994 (tem-

1016 2009 1067 2033 pus
1093 2000 1133 2031 G).
1175 2001 1224 2025 sat.
1237 2001 1271 2024 32
1298 1999 1361 2031 post
1388 1997 1470 2023 decus
1497 1996 1613 2030 imperii.
1653 1999 1684 2023 35
1710 1999 1773 2030 post

1018 2034 1147 2060 Parthica
1165 2041 1258 2066 regna.
1294 2037 1326 2058 45
1344 2031 1456 2065 pecudis
1482 2033 1544 2064 post
1562 2031 1692 2057 membra.
1729 2035 1775 2057 189

1016 2070 1133 2094 rectores
1153 2088 1158 2093 .
1174 2088 1178 2093 .
1194 2089 1198 2093 .
1220 2068 1282 2100 post
1300 2075 1350 2092 me.
1387 2068 1434 2091 273
1451 2067 1514 2099 post
1526 2066 1639 2091 vulnera
1658 2065 1714 2097 (IV
1724 2066 1774 2098 53).

1016 2103 1059 2128 VI
1067 2106 1096 2128 19
1114 2104 1177 2136 post
1200 2110 1284 2127 arma.
1320 2100 1394 2125 VIII
1407 2104 1437 2126 79
1458 2102 1522 2133 post
1540 2100 1664 2126 Herculis
1690 2108 1774 2125 arma.

1015 2140 1063 2163 214
1087 2138 1150 2170 post
1178 2136 1295 2162 caeleste
1320 2134 1450 2160 tribunal.
1517 2138 1551 2160 28
1576 2136 1638 2168 post
1665 2134 1773 2167 signum

1016 2171 1117 2197 datum.
1165 2173 1218 2196 433
1245 2170 1308 2204 post
1338 2177 1465 2202 aequora.
1516 2172 1569 2194 498
1596 2170 1659 2202 post
1690 2176 1773 2194 sacra.

1019 2205 1096 2231 IX2
1114 2205 1242 2231 meritum
1267 2205 1329 2237 post
1352 2203 1441 2237 prima
1465 2204 1557 2236 (pa-ma
1575 2203 1653 2233 trad.)
1673 2204 1773 2228 manet.

1019 2240 1049 2265 X
1065 2243 1117 2265 268
1139 2241 1203 2273 post
1228 2238 1341 2271 templa.
1386 2242 1434 2263 414
1457 2240 1520 2270 post
1545 2246 1637 2270 regna.
1687 2236 1730 2263 Or.
1743 2241 1777 2262 47

1016 2277 1079 2307 post
1104 2276 1169 2300 vota
1195 2274 1294 2299 soluta..
1344 2276 1393 2298 140
1417 2273 1479 2304 post
1504 2272 1597 2305 pelles.
1642 2275 1687 2297 141
1712 2273 1775 2304 post

1016 2310 1091 2335 tecta
1105 2316 1191 2334 casae.
1233 2310 1284 2333 682
1303 2308 1366 2340 post
1384 2308 1459 2332 astra
1477 2314 1563 2332 mane.
1604 2308 1651 2331 748
1671 2305 1774 2331 Andro-

1017 2343 1112 2368 mache
1135 2342 1267 2368 famulam
1294 2342 1356 2374 post
1379 2341 1497 2366 Hectora
1519 2340 1578 2372 (IX
1590 2344 1628 2365 64.
1651 2343 1680 2365 76
1699 2349 1724 2373 p.
1743 2340 1773 2365 H.

1017 2378 1157 2409 tractum).
1220 2376 1388 2401 creberrimae
1414 2375 1570 2400 iuncturae:
1601 2375 1663 2407 post
1689 2374 1773 2399 bella:

1017 2414 1068 2437 sat.
1087 2415 1139 2437 175.
1168 2411 1250 2436 1194.
1279 2409 1323 2435 IV
1335 2412 1374 2435 ⁴28.
1408 2409 1477 2434 V17.
1506 2412 1548 2434 48.
1577 2412 1613 2434 97.
1642 2412 1693 2434 121.
1723 2411 1773 2434 163.

1019 2445 1093 2471 VIII
1102 2449 1142 2471 54.
1161 2449 1215 2471 296.
1235 2444 1283 2470 IX
1294 2447 1333 2470 34.
1353 2447 1404 2469 196.
1443 2442 1489 2469 Or.
1503 2447 1551 2469 242
1567 2443 1611 2474 (cf.
1624 2445 1699 2473 nota)
1719 2445 1773 2468 377.

1017 2484 1074 2505 464.
1092 2484 1144 2506 521.
1170 2481 1233 2512 post
1252 2479 1346 2504 busta:
1372 2478 1460 2503 V115.
1484 2477 1527 2503 Or.
1541 2482 1598 2503 408.
1624 2478 1685 2510 post
1704 2476 1773 2502 fata.-

1020 2514 1111 2540 V323.
1144 2514 1253 2539 1‘1124.
1280 2512 1398 2538 VIII17.
1424 2511 1472 2536 IX
1483 2515 1519 2537 12.
1547 2515 1584 2537 16.
1605 2515 1656 2537 105.
1679 2511 1773 2536 X413.

1019 2548 1063 2574 Or.
1077 2551 1133 2574 443.
1152 2552 1208 2574 450.
1227 2551 1281 2573 471.
1301 2550 1356 2573 472.
1394 2546 1464 2577 Eua.
1484 2547 1540 2571 heco.
1556 2546 1640 2578 prael.
1658 2548 1727 2570 metr.
1744 2548 1774 2570 21

1016 2583 1060 2614 (ef.
1077 2583 1152 2616 Verq.
1170 2582 1213 2608 Ov.
1229 2582 1355 2612 Lucam).
1392 2583 1455 2613 post
1474 2581 1580 2605 funera:
1602 2584 1623 2608 2,
1639 2583 1694 2605 564.
1714 2582 1772 2604 660.

1018 2620 1072 2643 770.
1095 2620 1118 2649 3,
1132 2619 1190 2643 503.
1220 2616 1299 2641 X25.
1331 2614 1375 2641 Or.
1389 2619 1426 2640 94.
1450 2618 1504 2640 148.
1528 2618 1587 2639 202.
1612 2617 1666 2639 734.
1712 2615 1773 2646 post

1016 2651 1148 2677 membra:
1171 2654 1194 2681 3,
1206 2655 1243 2677 55.
1264 2649 1309 2675 IX
1322 2654 1358 2675 15.
1380 2653 1415 2675 15.
1439 2648 1485 2674 Or.
1504 2653 1549 2674 471
1567 2649 1611 2681 (cf.
1624 2649 1698 2679 nota)
1717 2651 1772 2673 599.

981 2686 1110 2718 postes]
1133 2688 1155 2716 2,
1168 2688 1223 2711 306.

982 2719 1183 2752 posteritas]
1203 2722 1225 2751 3,
1241 2722 1289 2744 145
1308 2719 1403 2743 horum
1424 2717 1570 2750 posteritas
1589 2716 1605 2741 τ’.
1622 2716 1727 2748 posteri.

982 2754 1133 2786 posthac]
1153 2754 1221 2785 Euy.
1235 2756 1284 2778 sat.
1298 2756 1313 2778 6
1332 2751 1445 2785 posthae
1460 2751 1543 2782 (idem
1558 2751 1650 2781 Istrae.)
1668 2757 1774 2782 semper

1016 2789 1068 2814 eris
1088 2789 1134 2822 qui
1154 2796 1182 2814 es
1200 2787 1280 2813 modo
1300 2787 1343 2812 vel
1362 2786 1459 2811 fueras.
