2106 3061
797 189 843 215 DE
862 189 1042 216 MENSIBVS
1674 195 1691 223 ‘2

1696 195 1713 223 10

1718 195 1734 222 =l

719 448 787 483 DE
825 448 1107 484 MENSIBVS

352 550 533 582 Ianuarius.
599 549 746 591 Purpura
768 549 912 580 iuridicis
937 559 1042 580 sacros
1066 549 1203 590 largitur
1225 549 1363 580 honores

601 603 633 633 et
656 611 739 632 nova
762 600 916 632 fastorum
941 603 1102 642 permutat
1126 600 1255 631 nomina
1278 601 1378 632 libris.

350 679 558 711 Februarius.
598 678 651 709 Sol
675 677 790 709 hiemis
815 678 936 718 glacies
960 678 1056 708 solvit
1079 678 1142 708 iam
1166 678 1302 709 verbere
1326 679 1347 719 †
1371 678 1472 713 niues,

599 730 718 761 cortice
742 729 905 770 turgidulo
928 732 1080 771 rumpunt
1101 729 1133 760 in
1157 729 1288 770 palmite
1313 739 1471 769 gennuae.

264 818 280 843 5
350 808 495 840 Martius.
599 806 717 838 Martia
741 806 811 837 iura
834 809 950 847 movet,
975 807 1072 847 signis
1096 806 1165 838 fera
1190 807 1276 838 bella
1300 807 1447 844 minatur,

597 859 717 890 excitet
740 861 775 889 ut
798 861 920 889 turmas
941 861 974 889 et
997 861 1122 889 truncet
1146 858 1228 889 falce
1253 858 1407 890 novellas.

350 937 482 979 Aprilis.
596 936 676 967 Post
701 936 797 967 chaos
821 936 992 977 expulsum
1015 936 1120 967 rident
1143 935 1317 977 primordia
1341 935 1460 974 mundi,

597 991 743 1030 tempora
765 991 944 1029 pensantur
967 988 1069 1018 noctis
1095 998 1166 1018 oum
1191 988 1262 1018 luce
1287 987 1360 1018 diei.

348 1066 462 1098 Maius.
599 1065 699 1096 Prata
723 1076 780 1107 per
803 1066 988 1097 innumeros
1013 1069 1149 1097 vomant
1172 1068 1335 1106 gemmata
1358 1066 1492 1101 colores,

246 1127 277 1154 10
596 1117 728 1149 floribus
752 1117 922 1149 ambrosiis
947 1127 1082 1159 caespes
1107 1117 1254 1148 stellatur
1278 1116 1402 1147 odorus.

347 1195 470 1228 Iunius.
594 1194 758 1226 Messibus
783 1195 914 1226 armatis
938 1195 1041 1226 flavae
1065 1194 1246 1236 crispantur
1269 1194 1388 1225 aristae

595 1247 733 1278 rusticus
758 1257 919 1289 expensas
944 1249 977 1278 et
1000 1247 1114 1277 fluctus
1138 1250 1237 1278 nauta
1259 1247 1411 1288 reposcit.

346 1325 462 1356 Iulius.
594 1324 738 1356 Humida
762 1324 839 1356 dant
863 1325 965 1356 siccas
990 1335 1113 1356 messes
1138 1324 1301 1355 domicilia
1323 1323 1451 1356 Lunae:

595 1376 742 1407 fontanas
766 1376 916 1408 exhaurit
940 1386 1051 1418 aquas,
1075 1379 1110 1407 ut
1132 1376 1226 1407 Nilus
1252 1376 1396 1408 inundet.

245 1465 276 1491 15
346 1455 524 1497 Augustus.
592 1455 685 1486 Atria
710 1455 794 1486 Solis
818 1455 926 1494 habet,
953 1454 1009 1486 sed
1035 1465 1151 1486 nomen
1177 1454 1325 1486 Caesaris
1349 1454 1462 1485 adfert.

595 1507 685 1538 mitia
710 1517 805 1548 poma
829 1506 929 1547 dabit,
954 1507 1056 1537 siccas
1081 1507 1156 1537 terit
1179 1516 1255 1537 area
1280 1506 1397 1547 fruges.

346 1583 551 1626 September.
594 1585 735 1615 Aestuat
758 1587 930 1615 autumnus
955 1584 1072 1625 partim
1097 1584 1295 1615 variantibus
1319 1585 1390 1615 uvis

594 1636 744 1677 agricolis
769 1635 931 1677 spondens
957 1635 1139 1667 mercedem
1164 1637 1238 1667 vina
1262 1636 1417 1667 laborum.

345 1713 498 1746 October.
595 1713 759 1745 Promitur
782 1713 933 1755 agricolis
959 1714 1152 1745 saltantibus
1177 1714 1285 1745 ebrius
1310 1714 1412 1746 imber

242 1774 276 1800 20
536 1792 539 1793 γ
594 1765 821 1806 rusticitasque
846 1765 940 1796 decet
964 1765 1109 1806 gaudens
1134 1766 1206 1808 plus
1230 1766 1358 1797 sordida
1381 1769 1498 1798 musto,

345 1842 540 1875 November.
592 1843 688 1884 Pigra
712 1842 817 1873 redux
840 1843 996 1884 torpescit
1019 1843 1137 1879 hiems;
1163 1843 1303 1873 mitescit
1327 1845 1420 1882 oliva,

594 1898 625 1926 et
649 1895 809 1926 frumenta
834 1896 919 1936 capit
943 1905 1026 1936 quae
1050 1894 1183 1927 faenore
1208 1898 1291 1927 terra
1317 1896 1475 1927 refundat.

345 1973 538 2004 December.
592 1972 712 2013 Algida
735 1972 849 2003 bruma
872 1972 985 2004 nivans
1010 1976 1124 2003 onerat
1146 1973 1222 2013 iuga
1246 1973 1333 2005 celsa
1356 1975 1478 2015 pruinis

593 2027 624 2055 et
648 2024 785 2064 glaciale
810 2024 883 2065 gelu
908 2025 1007 2055 nutrit
1031 2025 1089 2055 sub
1114 2024 1269 2055 matribus
1294 2036 1404 2066 agnos.

189 2165 219 2190 de
244 2165 290 2190 hoc
313 2169 335 2189 el
358 2164 497 2195 insequenti
520 2164 633 2188 carmine
657 2164 712 2188 vide
733 2164 923 2196 praefationem
1020 2163 1036 2188 ‘2
1059 2164 1181 2196 permittit
1204 2164 1325 2188 Bie'lzrt’ns
1421 2164 1436 2188 3
1462 2165 1534 2189 niues
1556 2166 1639 2195 (florio,
1662 2167 1728 2190 mitis

90 2208 197 2238 Traube,
221 2216 325 2233 vemens
350 2207 417 2237 Leo;
441 2216 476 2231 (ιη
498 2208 607 2232 tundens
623 2206 635 2223 “ἳ
721 2207 771 2231 iam
798 2215 856 2231 vere
881 2207 1003 2238 nivesque
1026 2207 1146 2231 Biilzreus
1249 2206 1264 2231 9
1292 2212 1381 2231 uernat
1411 2207 1494 2239 Corio,
1526 2217 1591 2232 corr.
1611 2208 1729 2232 Balwens

120 2250 153 2276 10
170 2259 257 2284 cespes
277 2250 351 2276 Corio
448 2250 478 2275 ll
498 2251 596 2282 crispae
615 2250 742 2275 flavantur
764 2249 845 2281 Corio,
865 2258 930 2275 corr.
944 2249 1064 2274 Bulaeus
1166 2249 1197 2274 17
1218 2258 1252 2274 (ιη
1271 2250 1385 2282 passim?
1481 2250 1512 2274 19
1532 2251 1629 2275 Euhius
1650 2252 1728 2275 imber

86 2293 205 2320 Biihre‘ns
292 2293 326 2318 22
344 2295 447 2319 foenore
467 2292 542 2318 Corio

189 2431 201 2456 1
225 2430 309 2463 plane
333 2430 468 2463 yemellum
496 2432 532 2455 est
553 2437 660 2455 carmen
684 2429 767 2455 Antlz.
782 2433 832 2462 117,
860 2429 901 2454 w'l
927 2431 1012 2454 tamen
1035 2429 1108 2454 habet
1134 2429 1161 2453 in
1196 2429 1307 2461 sinyulis
1330 2429 1424 2460 simile;
1447 2428 1479 2460 cf.
1498 2429 1574 2454 etiam
1598 2433 1656 2456 394.
1681 2434 1727 2457 395

118 2482 135 2508 4
154 2481 229 2507 Beda
247 2481 279 2507 de
297 2481 385 2508 celebr.
405 2484 480 2515 temp.
493 2485 527 2508 69
546 2482 659 2515 turgent
678 2481 705 2507 in
726 2481 842 2515 palmite
861 2488 986 2515 gemmae

1466 2858 1514 2884 29⁴⁴*
