2106 3061
612 190 814 217 DRACONTII
852 190 896 217 DE
915 191 1094 218 LAVDIBVS
1114 191 1172 218 DEI
1208 193 1233 218 ΙΙ
1703 197 1741 226 75

356 286 408 313 224
510 277 722 308 frondescunt
747 277 857 315 silvae,
883 277 984 319 spirat
1006 278 1075 316 flos,
1099 279 1258 319 germinat
1281 279 1390 315 arbor;

355 338 407 364 234
510 329 627 360 messis
651 329 800 360 aristatas
825 329 912 359 acuit
935 339 993 371 per
1017 329 1158 360 culmina
1181 329 1304 370 fruges,

356 388 406 415 235
434 388 493 421 (220)
513 380 645 422 palmite
670 383 832 421 gemmato
856 382 931 421 post
954 380 1126 422 pampinus
1151 380 1300 412 admovet
1322 391 1402 412 uvas

510 435 542 463 et
567 442 740 473 numquam
766 431 905 462 caritura
928 432 1025 462 comis
1049 432 1230 473 pinguescit
1254 433 1347 463 oliva.

510 486 541 514 te
566 483 644 521 fera,
669 487 701 514 te
725 483 832 524 pisces
857 483 998 524 pecudes
1022 486 1168 514 armenta
1191 484 1338 514 volucres

509 534 605 565 turba
629 537 827 565 cerastarum
851 534 970 573 laudat,
995 545 1098 575 genus
1123 545 1216 566 omne
1241 535 1359 566 veneni

510 586 619 616 sibilat
644 596 699 617 ore
723 585 802 624 fero,
827 585 939 627 lingua
962 585 1108 616 vibrante
1132 586 1276 626 trisulca,

354 646 404 673 240
433 646 491 679 (225)
512 640 544 668 et
567 637 625 668 tibi
649 637 802 678 quicquid
826 636 925 668 habet
948 640 1101 678 reputans
1125 637 1245 669 debere
1269 638 1400 669 fatetur.

509 691 673 720 auctorem
697 689 783 719 vitae
808 688 929 730 gaudet
953 688 1089 720 stridore
1114 689 1232 720 minaci

508 740 662 772 materies
682 739 813 771 laudare
839 740 926 771 necis
950 743 1158 782 poterasque,
1183 743 1317 779 creator,

506 803 568 824 non
592 802 727 833 angues,
752 802 815 822 non
840 802 935 823 omne
959 802 1079 823 nocens
1104 793 1293 834 permittere
1317 792 1417 831 nasci,

507 847 542 876 ut
566 845 647 875 vitas
670 844 836 875 hominum
860 846 985 875 tantum
1009 854 1094 875 mors
1119 855 1182 875 una
1206 845 1345 877 tulisset.

353 905 403 931 245
432 904 490 937 (230)
510 896 566 927 sed
589 906 648 927 nos
672 906 799 937 quoque
822 895 871 927 rei
894 896 1118 937 cognoscimus
1143 896 1260 934 onmia,
1285 906 1367 937 quae
1391 907 1443 927 res

507 948 622 979 fecerit
645 948 708 978 ista
731 947 818 978 dari:
842 947 918 978 data
943 950 1018 978 sunt
1042 958 1099 989 per
1123 948 1255 978 crimina
1278 951 1397 986 nostra,

425 1009 483 1041 (232)
506 999 588 1041 quod
613 1002 789 1041 praecepta
813 999 865 1030 dei
889 999 1011 1040 passim
1036 999 1272 1030 contemnimus
1297 1009 1417 1032 omnes

425 1061 484 1093 (234)
505 1061 565 1082 nee
590 1051 685 1082 modo
709 1054 889 1092 peccatum,
914 1051 1078 1092 subrepsit
1102 1051 1244 1082 moribus
1269 1050 1353 1089 olim,

425 1112 484 1145 (235)
506 1104 581 1134 olim
604 1103 727 1145 primus
752 1103 847 1134 homo
873 1103 1074 1134 transcendit
1099 1103 1188 1134 iussa
1211 1103 1364 1143 tonantis,

351 1163 401 1190 250
504 1156 660 1196 ingratus,
686 1155 760 1196 quia
784 1155 890 1185 factus
916 1158 985 1186 erat
1010 1154 1159 1186 caelestis
1185 1154 1301 1196 imago,

505 1207 575 1238 iura
597 1207 769 1249 potestatis
793 1207 936 1237 retinens
962 1216 1058 1248 super
1082 1206 1188 1237 omnia
1212 1206 1299 1237 solus

505 1262 537 1289 et
560 1269 698 1300 semper,
722 1258 784 1289 nisi
808 1259 898 1289 iussa
922 1257 974 1289 dei
999 1260 1219 1289 contemneret
1242 1257 1360 1288 audax.

504 1320 580 1340 mox
604 1309 687 1352 quod
710 1309 816 1340 factus
841 1312 910 1340 erat
934 1309 1022 1340 nullo
1047 1312 1203 1350 peccante
1228 1312 1355 1340 creatus

424 1368 483 1402 (⁴240)
504 1362 660 1403 peccavit,
686 1361 761 1403 quid
785 1371 841 1392 nos
865 1361 976 1392 miseri
1000 1360 1040 1392 de
1064 1361 1196 1392 crimine
1220 1360 1307 1391 nati?

350 1423 401 1448 255
505 1414 662 1455 principio
687 1417 814 1445 nostrae
839 1416 989 1455 peccator
1014 1413 1145 1454 originis
1170 1415 1282 1443 auctor

504 1465 674 1496 damnatur
698 1465 755 1496 sub
780 1465 854 1506 lege
878 1465 966 1496 necis
990 1465 1042 1495 vel
1067 1463 1157 1495 clade
1180 1463 1323 1505 perenni.

504 1517 670 1548 continuat
692 1517 786 1547 nobis
812 1517 936 1555 similis,
961 1516 1038 1555 heu,
1064 1525 1170 1557 poena
1193 1525 1334 1554 manere,

504 1579 564 1600 nec
589 1568 700 1599 similis
724 1579 782 1599 nos
807 1568 902 1610 culpa
925 1570 1032 1599 tenet:
1058 1567 1158 1599 semel
1182 1567 1294 1598 incidit
1317 1566 1371 1597 ille

425 1628 483 1660 (245)
503 1630 568 1651 una
591 1620 665 1661 lege
690 1630 773 1658 reus,
798 1630 855 1651 nos
880 1619 989 1650 multis
1014 1619 1142 1660 legibus
1168 1628 1257 1650 error

350 1678 401 1706 260
424 1680 482 1712 (246)
503 1671 696 1713 contemptis
720 1672 839 1703 retinet
863 1671 1009 1713 captivos
1034 1674 1120 1701 sorte
1145 1673 1264 1701 reatus.

349 1730 397 1756 261
423 1730 482 1764 (253)
503 1733 559 1754 cur
581 1733 645 1754 non
669 1722 840 1754 debuimus
866 1723 960 1754 sortis
984 1722 1095 1764 peiora
1118 1721 1246 1760 mereri,

348 1782 397 1808 225
423 1784 481 1815 (233)
502 1785 580 1816 quos
605 1778 813 1816 peccatorum
838 1774 979 1805 retinent
1002 1777 1051 1805 tot
1074 1774 1161 1804 milia
1185 1773 1329 1804 vinctos?

424 1831 483 1863 (247)
502 1826 582 1857 illud
605 1830 786 1868 praetereo,
812 1826 898 1868 quod
922 1826 1013 1868 parvi
1037 1825 1207 1867 pendimus
1234 1835 1356 1862 omnes,

500 1878 585 1920 quod
609 1878 700 1909 caelo
725 1878 841 1909 tellure
865 1878 957 1908 fretis
981 1880 1077 1918 atque
1102 1887 1177 1908 aere
1202 1879 1280 1913 toto,

499 1930 626 1971 ignibus
650 1930 814 1961 aethereis
840 1933 872 1960 et
895 1929 1015 1960 lumine
1041 1928 1166 1970 dignior
1190 1928 1275 1958 omni

422 1990 480 2022 (250)
500 1984 549 2012 est
572 1982 677 2020 homo,
703 1992 798 2023 quem
822 1981 915 2012 libuit
938 1991 997 2022 per
1022 1992 1055 2011 se
1080 1980 1220 2011 formare
1245 1981 1422 2010 tonantem.

346 2042 397 2069 230
501 2044 575 2065 nam
600 2033 728 2065 diversa
752 2033 804 2064 dei
830 2033 899 2064 solo
923 2043 1072 2063 sermone
1097 2034 1262 2063 creantur:

421 2094 479 2127 (252)
500 2086 565 2116 illic
589 2085 694 2116 iussor
718 2088 795 2124 erat,
821 2095 878 2115 nos
904 2087 1012 2115 autem
1038 2084 1202 2125 operarius
1226 2085 1325 2124 aptat.

92 2173 118 2197 in
139 2173 160 2198 G
174 2172 276 2198 235—8

192 2234 278 2250 versus
297 2224 434 2250 225-233
452 2224 495 2256 qui
513 2229 570 2248 sunl
589 2225 616 2249 in
634 2224 665 2256 B,
680 2224 759 2256 11031ιὶ
776 2233 826 2248 που
847 2224 992 2255 obloquente
1006 2222 1026 2247 C'
1052 2226 1111 2254 post
1130 2220 1178 2246 261
1199 2220 1276 2252 (idem
1294 2221 1401 2246 voluisse
1419 2221 1518 2246 videtur
1536 2222 1623 2254 Meyer
1639 2230 1666 2253 p.
1680 2224 1737 2253 268,

93 2267 149 2292 licet
166 2268 235 2293 dicat
251 2271 290 2301 ι11
307 2266 424 2300 versus-³).
454 2277 507 2292 non
524 2272 589 2293 recte
602 2267 715 2292 Arevalo
739 2266 775 2291 s'ic
793 2267 917 2291 constituit
937 2267 1068 2291 ordinem:
1089 2264 1148 2290 224.
1172 2263 1324 2290 234-247.
1344 2263 1401 2289 225.
1421 2263 1573 2289 248-260.
1593 2264 1736 2289 226-231.

92 2309 148 2335 261.
165 2310 224 2336 232.
242 2310 301 2336 233,
320 2310 371 2336 262
381 2320 434 2343 sqq.
505 2310 555 2336 235
568 2310 768 2343 gc(m)matu(m)
784 2310 814 2341 B,
833 2314 990 2342 gemmatum
1005 2313 1029 2334 ct
1043 2308 1070 2339 C',
1089 2317 1156 2333 corr.
1170 2308 1282 2332 Arevalo
1339 2308 1457 2332 admonet
1472 2308 1493 2331 C
1564 2307 1614 2333 236
1627 2309 1737 2332 caritura

92 2355 211 2386 (spatium
227 2357 241 2380 5
262 2355 415 2385 litterarum)
434 2355 502 2380 foliis
516 2356 652 2380 frondescit
672 2354 693 2378 C
778 2354 827 2379 237
848 2355 928 2386 pisces
942 2352 986 2385 (ct)
1005 2353 1114 2386 pecudes
1132 2353 1163 2383 B,
1183 2352 1292 2376 cori-emit
1310 2352 1343 2375 M
1407 2353 1443 2376 Te
1463 2352 1567 2376 laudant
1587 2352 1637 2375 fere
1656 2352 1737 2383 pisces

91 2398 199 2429 pecudes
220 2398 242 2423 Ο
324 2398 375 2423 238
392 2399 480 2423 Turba
503 2403 627 2423 terrarum
647 2398 758 2430 sequitur
777 2398 887 2429 spatium
902 2405 1013 2428 parvum
1031 2404 1138 2420 vacuum
1160 2396 1181 2420 Ο
1248 2404 1321 2419 omne
1340 2395 1399 2419 ueni
1419 2393 1441 2418 Ο
1532 2393 1582 2418 242
1601 2395 1683 2418 nescis
1704 2394 1734 2425 B,

93 2449 158 2466 corr.
172 2441 218 2465 1112
310 2440 360 2466 245
379 2442 464 2466 omnia,
482 2449 573 2473 queres
593 2441 624 2472 Β,
644 2450 708 2465 corr.
725 2440 757 2465 M
845 2439 894 2464 ‘247
914 2439 1039 2472 passu(m)
1059 2439 1090 2469 B,
1111 2448 1177 2463 corr.
1196 2438 1240 2461 M²
1336 2436 1384 2462 ‘251
1405 2437 1472 2461 solos
1491 2436 1522 2466 B,
1542 2445 1607 2460 corr.
1622 2435 1668 2459 M²

91 2482 141 2508 253
163 2484 224 2508 Mox
253 2493 328 2516 quam
356 2484 483 2515 Areval07·
509 2484 594 2516 possis
617 2485 678 2508 Mox
706 2492 763 2508 cum
858 2484 929 2507 nullo
953 2486 1074 2515 peccante
1102 2486 1174 2506 reatu
1202 2481 1327 2512 Rossbery
1431 2479 1482 2504 ‘255
1510 2478 1654 2511 n(ost)r(a)e
1682 2479 1736 2502 loco

91 2535 200 2551 rasurae
219 2527 320 2551 addidit
336 2528 363 2551 in
381 2527 495 2559 vizaryivze
514 2527 551 2551 12³²
627 2519 730 2559 origigis
749 2527 785 2550 131
882 2526 932 2551 256
952 2527 1007 2558 lege
1026 2526 1107 2550 nescit
1126 2525 1157 2555 B,
1180 2533 1245 2548 corr.
1268 2524 1314 2547 JI²
1417 2521 1466 2546 257
1486 2523 1603 2547 Continet
1622 2522 1693 2545 nobis
1713 2521 1737 2545 L*

92 2569 202 2600 correxi,
229 2570 349 2595 Continet
375 2574 400 2595 et
430 2570 485 2601 1113,
513 2571 627 2602 Contigit
651 2573 858 2595 ut...1nanerct
886 2569 998 2594 Arevalo
1102 2567 1152 2592 259
1180 2567 1280 2599 legibus
1309 2567 1381 2590 heros
1404 2566 1441 2596 R,
1466 2574 1532 2589 corr.
1555 2565 1667 2588 Arm-alo

91 2610 142 2636 260
159 2614 235 2638 reatis
255 2613 285 2643 B,
311 2622 378 2638 corr.
393 2613 505 2638 Arevalo
593 2613 640 2637 *261
662 2617 741 2637 sortes
761 2613 791 2643 B,
817 2613 924 2643 coi-reati,
948 2616 1033 2636 sontes
1059 2611 1169 2635 Arm-alo
1257 2609 1307 2634 225
1330 2609 1429 2633 uinclos
1450 2608 1479 2637 lt,
1505 2608 1590 2632 vincla
1616 2607 1733 2635 Aret-alo,

92 2655 189 2680 vinctos
210 2656 315 2681 (r'laeser
403 2656 454 2681 226
473 2660 604 2689 praeterea
624 2656 656 2687 B,
674 2665 740 2680 corr.
755 2655 868 2680 Ar-evcclo
950 2654 1000 2679 ‘298
1018 2655 1080 2685 lune
1100 2654 1130 2684 1]γ
1151 2662 1216 2678 corr.
1232 2653 1331 2683 Peiper,
1350 2652 1413 2676 luna
1432 2651 1476 2674 11Ιῖι
1539 2651 1615 2675 lunae
1635 2651 1734 2681 dignior

93 2698 151 2723 orbe
170 2698 282 2723 Arevalo
369 2698 419 2724 231
440 2708 471 2724 ue
491 2700 602 2724 conicias
621 2699 679 2728 illis,
699 2700 732 2731 cf.
749 2701 771 2730 2,
784 2700 818 2723 87
886 2707 959 2723 nssor
978 2701 1018 2722 eat
1036 2697 1068 2729 B,
1088 2706 1153 2722 corr.
1169 2696 1214 2719 M³
1283 2698 1353 2727 aptet
1371 2694 1403 2725 B,
1421 2703 1486 2718 corr.
1503 2693 1547 2717 211²

193 2782 242 2809 236
261 2783 344 2809 Drac.
360 2783 414 2809 III
430 2787 462 2809 10
480 2785 508 2810 et
527 2792 678 2816 numquam
691 2784 815 2817 posItura
831 2792 922 2809 comas
937 2783 1063 2809 flectatur
1077 2782 1151 2808 oliva
1229 2780 1279 2807 240
1293 2781 1425 2813 reputans
1440 2778 1533 2804 alludit
1547 2778 1603 2803 vroci
1618 2778 1734 2811 reptans

126 2833 176 2860 248
194 2834 226 2866 cf.
242 2838 265 2867 2,
278 2837 328 2860 303
416 2834 464 2861 261
485 2835 518 2866 ef.
535 2838 559 2867 2,
571 2838 619 2860 337
629 2843 665 2867 sq.
1480 2838 1526 2863 10⁴³
