2106 3061
362 150 396 176 11.
427 150 473 176 DE
493 149 681 176 DRACONTI
702 149 926 176 OARMlNlBVS
946 151 1134 178 CODICIBVS
1152 152 1393 180 EDITIONIBVS.
1607 156 1698 182 XXXI

59 235 115 274 VI,
141 246 177 267 ea
200 236 294 274 culpa
317 236 361 266 est
383 234 508 265 chartae
531 234 715 276 deterioris),
739 238 772 266 ut
795 236 916 267 decebat
939 238 1099 275 exemplar
1122 240 1229 276 poetae
1259 240 1394 278 ant-iqui,
1436 241 1535 279 plane
1564 242 1631 272 alia
1658 244 1702 273 est

53 287 190 319 condicio
210 287 318 327 partis
341 286 478 325 quintae.
523 286 557 315 in
581 285 638 316 leae
660 287 741 317 enim
769 297 893 318 carmen
917 287 952 318 X
973 290 1074 318 exstat
1095 290 1210 327 raptim
1241 299 1337 320 mann
1361 290 1531 331 festinante
1561 292 1703 324 ductibus

52 339 187 370 cursivis
212 338 370 376 scriptum.
416 346 513 375 neque
536 337 663 368 dubium
686 338 808 368 videtur
831 339 907 377 quin
930 339 979 369 liic
1002 340 1081 369 totus
1104 340 1212 378 quinio
1227 350 1329 371 errore
1345 343 1467 372 tantum
1482 344 1587 373 ceteris
1603 344 1699 374 inter-

53 391 204 430 alliqatus
226 390 275 427 sit,
299 398 366 420 cum
389 389 418 419 is
441 389 495 427 qui
518 388 645 419 codicem
670 390 891 428 conficiendimz
915 390 1044 420 curabat
1066 391 1132 421 eius
1153 391 1214 421 loco
1231 394 1348 422 sextum
1365 393 1542 431 quinionem
1557 395 1702 426 substitui

52 441 192 473 voluerit.
246 441 301 479 qui
329 449 416 471 error
442 449 499 470 nos
528 440 725 478 aliquantum
757 440 887 471 adrui-at
916 441 950 470 in
974 442 1166 472 aestimando
1192 444 1294 480 pretio
1326 444 1519 482 reliquarum
1547 446 1701 483 partium.

51 495 183 532 apparet
205 493 286 523 enim
306 494 413 530 partes
436 491 523 522 I—I
529 490 559 522 V
578 494 605 521 et
627 491 677 522 VI
696 492 829 530 scriptas
852 501 915 522 csse
938 503 957 523 a
981 493 1112 523 librario
1127 495 1347 531 mercennario,
1371 505 1436 525 cum
1457 496 1613 534 scriptura
1630 507 1699 527 cur-

51 545 119 576 siva
147 544 253 583 partis
280 544 407 582 quintae
437 543 561 573 omnino
590 542 710 583 referat
743 552 872 574 manum
906 544 985 574 docti
1018 544 1188 576 cuiusdam.
1244 547 1334 584 atque
1358 548 1481 584 partem
1512 547 1561 578 VI
1586 548 1630 589 (11)
1661 559 1699 579 ca·

49 598 140 636 parte
162 595 193 626 V
211 595 273 636 (N)
297 595 482 633 descriptam
506 603 568 624 esse
595 594 660 624 iam
682 593 834 624 Dulmius
862 594 979 636 (praef.
1000 606 1033 634 p.
1050 595 1125 633 III)
1153 597 1271 627 monuit
1298 599 1326 627 et
1351 596 1451 637 facile
1479 598 1592 629 videbit
1618 599 1701 638 quis-

51 647 122 687 quis
143 647 251 678 varias
269 646 411 677 lectiones
425 645 520 676 liuius
530 646 636 684 partis
653 646 697 685 (n)
722 645 757 676 ob
780 655 848 676 cam
871 646 972 685 ipsam
995 647 1147 677 rationem
1169 658 1189 678 a
1211 647 1299 678 nobis
1321 658 1508 687 quamquam
1531 659 1594 680 non
1608 650 1700 688 plene

50 701 188 738 receptas
205 697 424 737 perlustrabit.
475 707 553 736 quac
575 707 641 727 cum
668 697 710 727 ita
734 697 798 727 sint
826 697 879 727 via·
907 698 1071 736 quisquam
1093 698 1192 729 credet
1210 701 1318 737 partes
1332 699 1418 731 I—I
1423 699 1452 729 V
1469 710 1507 730 coc
1528 701 1597 739 ipso
1618 702 1701 732 anti-

51 760 110 790 quo
133 749 230 781 codice
252 749 316 780 iam
339 748 495 789 deperdito
518 757 580 779 esse
603 748 782 787 descriptas,
805 749 898 779 immo
914 749 991 779 milii
1008 751 1087 789 puto
1106 750 1353 790 adstipulabitur
1362 751 1503 790 ponenti,
1526 751 1583 782 lias
1595 754 1701 791 partes

52 803 123 833 item
145 811 181 832 ac
201 802 323 840 partem
346 800 429 832 ῘῙΙΜη
451 800 619 839 rescriptas
642 809 705 830 esse
728 800 895 831 secmzdum
917 800 1118 840 apoqraphon
1141 802 1230 832 illius
1252 802 1339 839 docti,
1363 803 1417 841 qui
1441 803 1618 842 quinionem
1640 803 1701 834 Vm

51 852 190 894 confecit.
234 862 331 891 neque
356 852 388 882 in
411 851 469 883 liae
500 861 534 882 re
561 851 781 891 neqleqendum
809 852 931 882 videtur
962 853 995 882 in
1023 853 1114 883 initio
1137 853 1297 891 quinionis
1324 855 1427 892 quinti
1456 854 1535 884 sicut
1562 856 1589 885 et
1618 855 1702 886 tertii

50 914 161 936 nomen
178 906 287 943 poetae
309 903 472 942 repetitum
495 905 604 943 (carm.
629 902 718 934 VIII
737 903 784 934 tit.
808 903 975 943 Dracontij
1001 904 1090 944 Opus
1114 904 1154 934 de
1178 908 1272 945 raptu
1296 904 1458 945 Helenae,
1482 916 1576 937 carm.
1599 905 1634 936 X
1655 906 1700 937 tit.

50 956 223 996 Draconcij
239 955 381 994 Medea),
405 954 487 985 unde
509 954 701 994 intelleqitur
722 954 781 985 lias
799 957 907 993 partes
922 956 1103 994 aliquando,
1125 956 1275 986 nimirum
1292 959 1457 996 [mitequam
1473 957 1701 996 colliqarentur,

54 1018 191 1040 seorsum
214 1007 368 1038 exstitisse
388 1016 650 1045 possessoremque
673 1007 790 1037 cavisse
812 1016 851 1037 ne
873 1006 1086 1045 dispersarum
1101 1008 1247 1046 partium
1266 1010 1373 1039 auctor
1389 1009 1593 1047 iquoraretur.
1632 1009 1702 1048 quis

50 1063 152 1092 autem
182 1058 342 1098 scripserit
369 1058 461 1089 illum
490 1058 668 1097 quinionem
695 1058 838 1097 quintum
868 1058 953 1089 haud
978 1058 1107 1096 difficile
1133 1061 1178 1089 est
1200 1060 1351 1090 conicere:
1374 1059 1584 1090 Parrhasium
1606 1069 1702 1090 mana

46 1112 180 1152 propria
203 1110 366 1149 confecisse
389 1112 484 1140 totum
509 1109 622 1140 librum
642 1110 738 1140 nimis
762 1111 870 1140 temere
891 1112 1037 1148 posuerat
1065 1110 1222 1141 Ianellius
1244 1110 1279 1150 (l.
1298 1111 1316 1142 l.
1330 1121 1363 1151 p.
1382 1112 1459 1151 172)
1482 1120 1578 1150 neque
1600 1113 1702 1141 tamen

50 1163 191 1195 omnibus
208 1162 347 1193 numeris
369 1161 513 1192 absoluta
537 1163 581 1191 est
595 1160 722 1192 Dulznii
743 1163 898 1192 sententia
921 1162 986 1192 lata
1004 1172 1037 1200 p.
1055 1161 1114 1192 IV
1126 1162 1349 1203 praefationis.
1388 1162 1584 1193 Parrhasius
1606 1163 1703 1201 iqitur

49 1215 175 1255 scripsit
197 1213 375 1254 quinionem
398 1214 542 1252 quintum
554 1213 588 1252 ¹),
617 1223 704 1252 quem
727 1223 811 1244 nunc
832 1223 930 1244 unum
952 1222 1110 1252 superesse
1133 1223 1170 1244 ex
1194 1215 1253 1244 toto
1276 1214 1355 1245 libro
1378 1214 1511 1244 maxime
1533 1216 1577 1244 est
1599 1213 1703 1245 dolen—

49 1267 123 1298 dum
131 1277 141 1305 ,·
164 1275 226 1305 pro
251 1265 395 1304 partibus
420 1264 553 1303 perditis
582 1264 755 1304 apoqraplii
783 1264 822 1295 ab
849 1265 916 1303 ipso
938 1264 1114 1295 Parrhasio
1144 1265 1186 1296 ad
1214 1265 1373 1304 exemplar
1400 1265 1553 1295 Bobiense
1581 1264 1702 1295 decursi

52 1318 141 1350 nob-is
163 1317 348 1348 substitutae
372 1317 444 1347 sunt
468 1316 551 1347 aliae
567 1316 762 1354 perscriptae
778 1326 798 1346 a
814 1316 1005 1356 calliqraplzo
1028 1317 1079 1347 cai
1101 1316 1135 1347 id
1149 1326 1262 1347 munus
1277 1315 1472 1347 Parrhasius
1488 1316 1700 1347 mandaverat.

155 1370 349 1400 correctorem
373 1376 436 1398 non
456 1376 572 1406 passus
595 1369 639 1398 est
663 1367 740 1398 liber
763 1368 829 1398 nisi
850 1377 912 1398 uno
935 1368 1007 1399 loco.
1052 1368 1154 1399 scriba
1184 1368 1265 1398 enim
1296 1368 1351 1407 qni
1382 1378 1469 1407 opere
1496 1368 1588 1406 sinito
1616 1370 1702 1398 atra-

49 1423 149 1452 mento
167 1420 307 1462 fuscior-e
330 1418 454 1450 addidit
477 1418 583 1449 titulos
606 1418 846 1458 subscriptiones
868 1419 903 1450 in
924 1419 997 1450 locis
1013 1420 1048 1450 ob
1064 1430 1131 1450 eam
1147 1429 1275 1450 eausam
1291 1420 1372 1450 inter
1387 1419 1580 1450 scribendum
1595 1419 1702 1450 vacuis

48 1473 165 1505 relictis
188 1470 389 1512 (monendum
414 1472 516 1501 tamen
540 1469 794 1509 subscriptionem
817 1470 906 1501 illam
925 1471 1125 1509 praeclaram
1149 1471 1299 1502 carminis
1328 1471 1431 1510 quinti
1457 1471 1560 1509 primo
1586 1471 1702 1509 impetu

49 1535 112 1557 esse
140 1524 303 1563 scriptam)
330 1532 399 1553 cum
424 1522 565 1560 primam
581 1522 738 1561 paqinam
760 1522 914 1559 evolveret,
938 1523 1016 1553 vidit
1038 1532 1069 1553 se
1093 1523 1127 1553 in
1149 1522 1174 1553 I
1184 1525 1204 1553 4
1227 1532 1348 1553 errasse
1372 1522 1531 1553 scribendo
1545 1532 1605 1553 rex
1620 1523 1648 1552 et
1663 1531 1701 1552 ex

48 1575 186 1616 exemplo
215 1575 250 1605 in
278 1573 421 1613 marqine
449 1573 586 1604 restituit
615 1584 706 1614 grex.
755 1574 878 1604 numeri
904 1576 932 1604 et
960 1574 1136 1605 carminum
1164 1576 1192 1604 et
1221 1574 1331 1605 decimi
1353 1574 1499 1613 cuiusque
1522 1582 1628 1604 versus
1650 1573 1701 1613 (dc

49 1637 152 1659 erroro
174 1626 232 1657 hac
258 1626 294 1656 in
320 1636 353 1656 re
382 1625 540 1656 commisso
567 1635 593 1656 v.
616 1625 659 1656 ad
685 1624 729 1656 II
749 1626 789 1655 10
818 1627 847 1656 et
873 1625 918 1656 II
939 1626 994 1663 50)
1021 1626 1173 1664 adscripti
1205 1627 1279 1656 sunt
1313 1637 1334 1656 a
1366 1635 1462 1656 msmu
1490 1625 1702 1655 recentissima

44 1679 182 1721 fortasse
197 1678 238 1709 A.
256 1677 345 1715 Mau·
368 1676 472 1708 eadem
488 1676 622 1707 carmini
645 1676 703 1707 1⁷1⁰
719 1677 843 1708 titulum
860 1677 975 1707 indidit
991 1677 1252 1718 Epithalamium.
1293 1687 1383 1717 saepe
1399 1676 1536 1708 cernitur
1552 1677 1674 1716 siquam

49 1730 274 1769 corruptionem
297 1728 443 1760 indicans
472 1732 515 1767 (v.
530 1729 620 1759 notas
642 1728 685 1759 acl
707 1728 730 1759 I
744 1730 770 1758 6.
793 1728 835 1758 20
858 1728 903 1759 II
920 1730 969 1759 17.
994 1730 1046 1760 24.
1069 1730 1111 1759 36
1131 1730 1279 1768 passim),
1307 1738 1390 1768 pars
1423 1728 1561 1759 maaima
1593 1727 1701 1758 borum

48 1783 209 1822 siqnorum
232 1781 310 1820 quin
333 1790 371 1811 ex
393 1779 557 1819 archetypo
579 1780 707 1819 repetita
731 1780 772 1810 sit
788 1779 894 1811 nullus
910 1780 1022 1811 dubito.
1061 1780 1248 1820 aliquotiens
1271 1780 1396 1819 (V254
1426 1780 1475 1810 VI
1486 1781 1548 1810 103
1577 1779 1648 1810 VII
1659 1779 1700 1809 85

47 1834 83 1865 Χ
97 1834 174 1874 127)
197 1832 336 1864 versibus
358 1831 516 1871 adpictum
540 1834 585 1862 est
605 1832 637 1869 Rs
662 1831 681 1863 i.
704 1832 836 1871 require,
861 1832 942 1871 quod
965 1835 992 1863 et
1014 1833 1116 1871 ipsum
1139 1842 1176 1862 cx
1199 1832 1296 1863 codice
1319 1832 1449 1871 antiquo
1471 1832 1616 1862 iteratum
1639 1840 1701 1861 esse

48 1885 133 1917 docet
154 1885 270 1926 eqreqie
292 1884 336 1915 II
348 1883 419 1920 126,
443 1883 497 1914 ubi
519 1883 551 1920 R
573 1883 653 1914 male
675 1883 863 1914 intellectum
887 1883 965 1914 abiit
989 1884 1022 1914 in
1047 1883 1103 1924 Cy.

155 1936 236 1967 hune
252 1936 367 1966 librum
382 1934 627 1974 Neapolitanum
651 1935 685 1965 in
709 1935 797 1966 cuius
819 1935 933 1965 ultima
951 1935 1074 1975 paqina
1097 1935 1208 1975 leqitur
1223 1935 1355 1975 Antonij
1381 1933 1550 1975 Seripandi
1574 1943 1615 1964 ex
1630 1933 1701 1964 Iani

48 1988 213 2028 Parrhasij
242 1989 436 2018 testamento
469 1986 571 2017 redire
600 1986 643 2018 aol
664 1986 830 2025 antiquum
852 1986 1073 2028 Bobiensem2)
1103 1989 1257 2026 repertum
1289 1987 1333 2017 ibi
1362 1997 1391 2017 a.
1411 1986 1494 2016 1493
1521 1996 1541 2016 a
1570 1985 1702 2025 Georqio

48 2040 191 2078 Merula,
212 2039 294 2070 dixit
303 2039 366 2069 iam
378 2037 532 2069 Duhnius
546 2037 659 2079 (praef.
670 2048 705 2077 p.
718 2038 795 2076 IV),
815 2039 1018 2078 comprobavit
1039 2038 1074 2070 O.
1087 2048 1145 2069 von
1161 2038 1322 2070 Gebliardt
1334 2038 1560 2076 (Centralblatt
1569 2036 1599 2078 f.
1613 2036 1700 2068 Bibl.

56 2091 90 2129 V,
111 2092 204 2129 1888,
222 2101 257 2130 p.
276 2090 339 2121 391
347 2099 412 2129 sqq.
424 2089 478 2131 ³)).
513 2099 570 2121 nos
585 2100 665 2129 quac
680 2089 716 2120 de
731 2089 971 2129 quadrupertito
987 2090 1060 2121 olim
1075 2090 1173 2121 codice
1184 2092 1358 2129 pervetusto
1371 2090 1553 2120 coniecimus
1568 2099 1594 2119 v.
1603 2099 1636 2127 p.
1647 2088 1701 2119 VI.

153 2186 179 2218 1)
196 2185 267 2210 hanc
285 2192 369 2210 meam
388 2184 569 2209 coniecturum
587 2186 685 2209 rectam
702 2191 755 2209 esse
768 2183 935 2215 confirmarit
953 2184 1067 2217 epistula
1079 2184 1256 2209 liberalissimi
1268 2183 1441 2217 bybliothecae
1459 2183 1609 2209 nationalis
1623 2190 1701 2215 prae-

49 2228 122 2260 fecti,
140 2228 170 2253 in
189 2236 244 2261 qua
263 2227 367 2261 leqitur:
386 2227 428 2260 (la
440 2228 532 2260 mano)
551 2227 604 2252 ‘elic
617 2227 708 2252 scrisse
726 2227 748 2252 Ie
757 2227 857 2260 paqine
877 2231 933 2252 77—
940 2231 971 2253 96
989 2227 1188 2253 esicaramcntc
1206 2227 1249 2252 del
1260 2227 1401 2259 Parra-sio,
1420 2227 1484 2252 com'
1503 2226 1571 2251 Ella
1582 2226 1700 2259 raqione-

48 2271 173 2297 volmente
191 2278 322 2304 suppone,
340 2279 352 2296 e
370 2278 439 2296 come
458 2270 546 2302 affare
564 2270 594 2295 in
612 2270 690 2296 modo
701 2270 818 2296 evidente
836 2269 877 2295 del
893 2270 1035 2302 confronto
1053 2279 1104 2296 con
1122 2271 1189 2296 altre
1207 2271 1330 2296 scrittare
1348 2270 1488 2303 autoqrafe
1513 2270 1542 2295 di
1561 2270 1608 2301 lai,
1631 2269 1702 2302 qual'

49 2313 62 2339 ἐ
75 2321 126 2347 per
143 2313 165 2338 il
184 2313 222 2339 M.
237 2312 262 2339 S.
277 2313 296 2338 Ι
300 2313 324 2338 V
340 2313 417 2345 F35,
436 2321 486 2338 con
505 2313 549 2338 cai
567 2313 601 2338 lzo
619 2313 790 2338 colleeionato
809 2313 830 2338 le
845 2321 893 2346 pp.
909 2313 1021 2339 77—-96‘,
1113 2314 1139 2345 2)
1164 2313 1220 2339 cod.
1239 2313 1366 2339 Hannon
1383 2313 1481 2344 XLII,
1500 2316 1562 2339 1845
1579 2312 1702 2343 fol.111v

49 2356 194 2383 Dracontii
213 2364 281 2390 opus
301 2356 330 2382 in
348 2356 479 2382 carmine.
513 2355 600 2388 Raph.
620 2355 747 2381 Volaterr.
763 2364 852 2381 comm.
865 2356 959 2381 urban.
975 2356 1024 2382 IV
1035 2365 1063 2389 p.
1079 2361 1126 2383 140
1143 2356 1276 2383 Draconti
1297 2356 1404 2382 varium
1424 2364 1500 2390 opus.
1532 2355 1594 2381 liber
1612 2362 1702 2380 memo-

48 2402 127 2425 ratur
144 2400 200 2425 iam
218 2399 249 2424 in
268 2399 386 2432 eataloqo
404 2399 562 2425 monasterii
581 2399 720 2424 Bobiensis
738 2408 763 2424 a.
777 2403 837 2425 1461
856 2399 983 2432 (Peyron,
1002 2399 1031 2425 de
1049 2399 1108 2425 bibl.
1123 2399 1188 2425 Bob.
1202 2400 1232 2424 in
1252 2400 1292 2425 M.
1309 2399 1380 2424 Tulli
1401 2398 1532 2425 Ciceronis
1549 2398 1703 2424 orationum

46 2449 99 2475 pro
124 2442 229 2468 Scauro
251 2450 304 2474 pro
326 2442 413 2467 Tullio
436 2445 461 2467 et
483 2441 514 2467 in
541 2441 665 2467 Clodium
682 2442 834 2475 fraqmenta
857 2442 959 2468 inedita
981 2442 1077 2476 Sizaty.
1092 2446 1157 2469 1824
1177 2451 1206 2475 p.
1220 2444 1262 2472 45)
1281 2451 1308 2469 n.
1322 2446 1368 2468 164
1395 2442 1533 2475 Dyaconti
1557 2441 1700 2467 cuiusdam

49 2484 244 2511 versificatoris
271 2486 410 2511 tractatus
437 2485 467 2511 in
494 2484 626 2511 versibus.
673 2484 702 2510 in
731 2485 826 2511 littera
851 2485 1030 2519 longobarda.
1050 2486 1165 2512 medioc.
1183 2486 1245 2518 vol.y
1268 2494 1352 2518 neque
1376 2485 1555 2511 dubitandam
1578 2485 1647 2517 quin
1669 2485 1702 2509 sit

50 2527 118 2554 idem
137 2528 184 2561 qui
203 2530 240 2554 est
259 2528 289 2553 in
306 2528 428 2562 catalogo
446 2536 511 2554 saec.
527 2529 569 2554 Χῖ
587 2528 705 2559 (Becker,
724 2529 802 2554 catal.
816 2529 922 2561 antiqui
936 2537 964 2561 p.
978 2530 1019 2561 65⁴)
1038 2537 1064 2555 n.
1077 2532 1125 2555 376
1144 2529 1245 2555 librum
1264 2528 1407 2555 Dracontii
1421 2529 1447 2559 I,
1472 2536 1536 2553 nam
1554 2527 1702 2553 christiana

52 2571 186 2597 Draconti
198 2571 326 2603 carmina,
345 2580 411 2604 quae
424 2571 518 2597 habuit
532 2571 717 2603 Colambanus,
737 2571 859 2603 adfuisse
872 2572 952 2597 Bobii
963 2572 1041 2597 etiam
1055 2572 1158 2598 saeculo
1175 2572 1275 2598 decimo
1287 2572 1365 2597 nulla
1384 2571 1558 2604 reprobatur.
1587 2573 1702 2596 ceteram

51 2617 124 2640 vetus
142 2614 186 2640 ille
200 2614 336 2640 Bobiensis
348 2615 461 2647 scriptus
479 2614 565 2647 fuisse
578 2614 680 2640 violetur
693 2614 785 2640 litteris
796 2615 962 2647 minusculis,
982 2615 1116 2647 adspersis
1135 2615 1176 2640 liic
1193 2615 1246 2640 illie
1264 2615 1428 2647 uncialibus,
1446 2615 1517 2640 velut
1535 2614 1612 2639 etiam
1630 2620 1703 2638 nune

51 2657 82 2682 in
100 2657 133 2683 N
147 2657 243 2691 legitur
268 2657 346 2682 VIII
353 2660 402 2683 379
420 2656 532 2689 Dixere,
551 2660 602 2684 389
620 2657 703 2689 Dum,
720 2657 750 2683 X
762 2660 806 2683 113
824 2658 967 2690 uolucreR,
988 2662 1033 2684 118
1046 2658 1227 2689 PeRsulcans,
1247 2662 1295 2684 224
1309 2658 1434 2689 s'erRum.
1470 2657 1501 2682 de
1518 2657 1595 2682 rebus
1618 2656 1702 2682 ortho-

48 2699 182 2732 9raphicis
207 2702 230 2726 et
254 2700 325 2725 vitiis
344 2700 439 2726 crebris
457 2700 560 2726 dicetur
577 2701 608 2725 in
626 2700 714 2726 indice
733 2700 936 2733 ortlzoqraphico.
1030 2701 1055 2733 3)
1075 2700 1239 2732 addendum,
1262 2701 1294 2726 iis
1317 2709 1385 2733 quae
1409 2700 1441 2726 de
1460 2700 1587 2733 quinione
1609 2699 1702 2731 quinto

52 2742 85 2768 ab
103 2743 160 2775 ipso
181 2743 328 2769 Parrhasio
345 2743 441 2776 scripto
460 2743 657 2776 disputavimus
674 2743 744 2776 effici
759 2743 937 2769 Parrhasium
955 2752 1010 2769 non
1019 2744 1139 2777 potuisse
1162 2744 1249 2776 ipsam
1268 2743 1404 2776 acquirere
1422 2743 1533 2769 codicem
1552 2742 1702 2768 Bobiensem

51 2784 96 2811 sed
114 2785 233 2812 debuisse
252 2786 412 2819 acquiescere
430 2786 460 2811 in
478 2794 506 2811 eo
524 2785 700 2812 describendo.
