2106 3061
751 141 1007 168 PANEGYRICVS
1027 143 1052 168 II
1684 149 1692 176 1
1705 148 1714 176 l

601 319 955 367 <PANEGYR
966 320 1110 367 ICVS
1143 322 1209 367 11>

737 418 1068 459 (PRAEFATIO)

557 494 640 527 periit
657 493 712 526 fere
730 496 787 520 tota
805 501 864 520 cum
882 493 956 525 foliis
974 501 1041 527 qaae
1058 494 1238 520 antecedebant

426 546 451 577 si
475 546 525 577 hic
549 545 675 577 litterae
699 545 904 577 excusandae
929 549 1013 577 sunt.
1543 556 1566 579 p.
1585 546 1643 578 257,

484 605 511 637 E
523 606 578 647 (Χ)
587 606 613 637 Ρ
623 605 673 647 (L)
684 605 700 636 I
709 605 758 647 (o)
769 605 784 636 1
794 606 846 647 (T)
873 623 879 629 ·
905 606 931 636 P
939 605 992 647 (R)
1004 605 1032 636 A
1045 605 1096 646 (E)
1108 606 1132 637 F
1142 606 1195 647 (A)
1206 606 1232 636 T
1242 606 1281 647 (Ι)
1292 606 1318 636 o
1467 589 1725 665 m‘bessljffle

427 672 1143 682 ·······················

426 709 568 740 Danuvii
592 719 664 740 cum
688 719 768 751 pace
793 708 875 740 redit
899 709 1088 751 Tanainque
1113 709 1218 740 furore

427 761 518 792 exuit
541 764 573 792 et
596 760 688 802 nigro
712 760 889 792 candentes
913 760 1046 792 aethere
1071 763 1178 792 terras

426 811 531 844 Marte
556 822 614 844 suo
639 812 784 844 caruisse
808 812 915 849 iubet;
940 811 1030 843 dedit
1055 812 1124 843 otia
1146 812 1231 844 ferro

427 863 592 895 Caucasus
616 866 649 895 et
672 864 762 895 saevi
786 863 1002 895 condemnant
1025 864 1149 905 proelia
1172 875 1277 906 reges.

370 928 380 946 5
424 915 548 946 addidit
571 915 697 947 hiberni
720 915 910 946 famulantia
934 915 1066 947 foedera
1089 915 1224 947 Rhenus

427 967 512 998 orbis
537 969 570 998 et
592 966 762 1008 Hesperiis
786 967 872 998 flecti
902 969 1071 998 contentus
1096 967 1232 999 habenis

426 1017 548 1060 gaudet
572 1018 611 1049 ab
636 1018 761 1049 alterna
784 1018 930 1060 Thybrin
956 1018 1016 1049 sibi
1043 1029 1188 1050 crescere
1212 1020 1291 1061 ripa.

426 1070 543 1101 lustrat
565 1070 771 1101 Aremoricos
796 1070 860 1101 iam
884 1070 993 1102 mitior
1015 1071 1122 1102 incola
1149 1071 1262 1111 saltus,

427 1121 567 1163 perdidit
590 1124 622 1153 et
644 1132 750 1153 mores
774 1121 871 1153 tellus
895 1122 1097 1164 adsuetaque
1122 1133 1219 1154 saevo

357 1186 381 1205 ιο
425 1174 557 1205 crimine
582 1174 744 1215 quaesitas
770 1174 861 1205 silvis
887 1174 992 1205 celare
1017 1175 1146 1216 rapinas

428 1225 524 1257 discit
546 1226 725 1267 inexpertis
751 1225 904 1257 Cererem
929 1227 1132 1258 committere
1156 1228 1278 1269 campis

428 1276 655 1319 Caesareoque
680 1277 734 1308 diu
757 1288 870 1309 manus
895 1277 1060 1309 obluctata
1084 1278 1186 1310 labori

429 1329 568 1360 sustinet
591 1332 743 1371 acceptas
767 1333 876 1361 nostro
902 1330 961 1361 sub
987 1330 1119 1361 consule
1142 1330 1233 1372 leges

429 1384 461 1412 et
485 1381 630 1422 quamvis
655 1381 778 1412 Geticis
803 1382 928 1412 sulcum
953 1381 1128 1413 confundat
1151 1383 1268 1414 aratris

357 1445 381 1464 15
426 1431 565 1464 barbara
588 1433 713 1464 vicinae
736 1433 855 1474 refugit
879 1434 1041 1465 consortia
1064 1435 1182 1475 gentis.

429 1483 502 1515 hinc
527 1494 662 1526 quoque,
687 1484 862 1526 Tyrrhenis
887 1495 950 1526 qua
974 1485 1124 1516 fluctibus
1149 1486 1213 1517 ima
1237 1487 1373 1518 resultat

430 1535 539 1567 Gallia
562 1539 594 1568 et
618 1536 697 1567 aerii
722 1535 944 1568 conscendens
969 1536 1070 1568 ardua
1093 1538 1211 1568 montis

429 1588 531 1619 limite
554 1588 701 1619 nimboso
726 1590 830 1620 terras
854 1588 1046 1630 perstringit
1070 1589 1222 1627 Hiberas,

429 1640 474 1670 nil
497 1639 597 1670 nostri
621 1640 686 1671 iam
710 1639 787 1670 iuris
813 1643 891 1671 erat.
939 1640 997 1671 sed
1021 1640 1159 1682 belliger
1186 1641 1272 1672 ultor

358 1703 382 1722 20
427 1692 587 1733 captivum
612 1691 770 1723 reseravit
794 1691 854 1723 iter
878 1691 1070 1733 clausasque
1093 1693 1218 1734 recepit

431 1743 566 1785 expulso
591 1743 756 1785 praedone
779 1744 848 1774 vias
874 1744 1076 1785 populosque
1100 1745 1221 1775 relictis
1264 1748 1270 1755 ”

431 1795 565 1826 urbibus
590 1798 622 1826 et
646 1795 741 1826 sociis
766 1795 905 1826 confinia
929 1795 1069 1826 reddidit
1092 1797 1186 1827 arvis.

430 1846 572 1888 undique
595 1847 658 1877 iam
684 1846 843 1888 Scythicis
867 1850 979 1889 erepta
1002 1847 1163 1878 furoribus
1188 1847 1314 1879 hostem

740 1906 835 1933 desunt
853 1906 906 1938 fere
923 1906 976 1932 duo
996 1914 1084 1933 versus

191 1980 257 2004 inter
270 1980 352 2003 EPII
372 1978 504 2003 PAFTO
521 1986 585 2009 quae
599 1977 688 2002 destant
702 1977 807 2009 litterae,
821 1977 899 2002 υιὶηῐο
912 1977 1087 2016 erantpletae,
1105 1977 1161 2002 ilem
1175 1986 1261 2002 versas
1275 1986 1379 2010 sequens
1392 1978 1435 2010 qai
1448 1986 1514 2003 nunc
1526 1978 1628 2003 oninino
1641 1986 1734 2002 vaczms

90 2026 125 2048 est
227 2022 243 2046 4
262 2030 317 2047 seui
422 2020 437 2045 9
456 2029 534 2046 saeuo
553 2021 588 2045 sic
693 2020 724 2045 17
743 2014 855 2046 ‘'cffiidfflm
874 2012 934 2054 aluei·
952 2021 1040 2052 ardua,
1058 2029 1079 2045 υ.
1092 2029 1114 2046 v.
1129 2022 1161 2045 18

194 2132 225 2158 de
236 2140 312 2159 versu
325 2135 388 2158 ante
401 2133 414 2159 1
428 2140 449 2158 v.
459 2139 487 2165 p.
499 2135 531 2158 10
544 2133 597 2157 not.
669 2132 736 2158 1-4
748 2139 804 2157 non
817 2134 879 2165 apte
892 2131 1021 2157 dicuntur
1038 2138 1085 2157 nec
1104 2130 1136 2156 de
1154 2130 1245 2157 Gothis
1263 2138 1308 2157 nec
1326 2131 1356 2157 cle
1369 2131 1450 2157 Noris
1467 2131 1500 2157 ab
1514 2133 1590 2158 Aetio
1603 2131 1735 2158 debellatis

92 2184 195 2217 (Sidon.
211 2192 292 2210 carm.
312 2187 333 2217 7,
354 2187 402 2210 233
424 2183 524 2217 Hydai.
543 2183 631 2210 chron.
655 2183 691 2209 Π
704 2192 732 2216 1).
751 2187 791 2217 22,
817 2186 856 2210 93.
877 2185 925 2217 95),
951 2183 1112 2209 conveniant
1130 2184 1196 2209 solos
1218 2183 1249 2209 in
1267 2183 1380 2215 Hunos;
1401 2184 1490 2217 agitur
1512 2184 1544 2210 de
1562 2184 1645 2217 paeri
1661 2184 1735 2216 apud

91 2236 191 2262 Hunos
217 2235 337 2262 obsidatu
361 2236 395 2268 (v.
417 2235 454 2261 ad
476 2243 556 2262 carm.
576 2240 600 2268 4,
621 2239 654 2261 42
678 2238 700 2261 et
723 2235 800 2261 rerba
823 2235 921 2261 similia
936 2243 1004 2268 pan.
1023 2235 1061 2260 II
1077 2236 1144 2268 129).
1168 2234 1238 2260 idem
1257 2234 1364 2261 coniecit
1382 2234 1542 2268 Mommsen,
1567 2235 1677 2261 Hermes
1696 2238 1735 2268 36,

92 2290 149 2321 518,
166 2292 190 2314 4.
208 2288 253 2313 vim
270 2287 405 2320 quadrant
426 2287 458 2313 in
480 2294 509 2313 ea
533 2295 602 2320 quae
620 2289 716 2313 narrat
736 2287 850 2320 Prosper
867 2287 955 2313 chron.
970 2287 990 2312 I
992 2295 1020 2319 p.
1036 2289 1095 2320 473,
1110 2289 1172 2313 1310
1184 2286 1230 2319 (cf.
1245 2286 1341 2313 Cliron.
1357 2286 1426 2312 Gall.
1439 2286 1527 2313 chron.
1543 2287 1593 2319 lp.
1607 2290 1663 2320 658,
1679 2289 1734 2319 112)

127 2340 143 2365 5
162 2339 282 2365 Francos
299 2340 335 2372 (a.
354 2342 405 2365 428
423 2339 517 2372 Prosp.
535 2339 624 2365 chron.
645 2340 665 2365 I
675 2348 702 2372 p.
721 2343 776 2371 472,
797 2341 873 2373 1298)
896 2339 990 2365 vicerat
1009 2339 1102 2365 Aetius
1125 2341 1148 2364 et
1173 2338 1383 2372 Buryuncliones
1410 2343 1444 2372 (a.
1464 2342 1513 2365 435
1531 2338 1626 2372 Prosp.
1646 2340 1736 2366 claron.

94 2391 112 2417 1
123 2399 152 2424 p.
167 2395 221 2423 475,
241 2394 302 2418 1322
322 2390 421 2425 Hydai.
436 2390 525 2417 chron.
544 2391 581 2416 ΙΙ
583 2398 613 2423 p.
631 2394 670 2424 22,
690 2394 731 2417 98.
751 2392 809 2424 108)
914 2391 929 2416 7
947 2390 1010 2416 (licit
1029 2390 1152 2416 Rhenum
1169 2390 1285 2423 ⁸Gaudere
1303 2390 1375 2423 quod
1392 2390 1551 2423 confluentes
1568 2392 1598 2415 ut
1621 2390 1736 2416 Moenus

95 2442 255 2475 Mosellaque
281 2442 396 2469 Romani
417 2442 470 2468 sint
493 2442 558 2474 facti
579 2442 667 2475 jlzwii,·
689 2442 722 2474 cf.
742 2442 828 2468 Mart.
848 2446 885 2475 10,
903 2445 921 2474 7,
938 2445 951 2467 7
968 2443 996 2467 et
1021 2441 1161 2468 Romanus
1186 2449 1231 2467 eas
1256 2443 1372 2475 utraque
1397 2440 1459 2474 ripa
1572 2442 1588 2467 8
1612 2441 1737 2468 derebus

91 2502 140 2528 per
157 2494 264 2520 Aetium
277 2496 339 2527 post
357 2503 381 2520 a.
400 2498 448 2520 425
465 2494 496 2520 in
518 2494 608 2521 Gallia
625 2495 823 2528 septentrionali
839 2495 915 2529 yestis
933 2503 955 2520 v.
976 2493 1070 2520 Sidon.
1089 2501 1169 2520 carm.
1188 2497 1210 2526 5,
1224 2497 1278 2520 210.
1298 2497 1345 2519 212
1363 2493 1407 2525 (cf.
1424 2497 1444 2526 7,
1459 2495 1521 2522 247)
1539 2492 1594 2521 Iolz.
1612 2493 1736 2519 Antioeli.

94 2546 146 2580 fry.
167 2549 223 2579 201,
239 2549 254 2572 2
359 2546 391 2572 12
413 2545 466 2572 divi
489 2546 544 2573 Iuli
562 2547 728 2573 notissimam
751 2549 843 2573 contra
867 2546 976 2573 Venetos
1001 2546 1093 2572 bellum
1116 2548 1214 2579 spectat
1319 2545 1350 2571 16
1373 2553 1439 2578 qaae
1461 2544 1583 2570 Litorius
1604 2547 1627 2570 ct
1646 2545 1738 2570 Actias

95 2598 125 2623 in
148 2597 240 2624 Gallia
258 2597 428 2625 Narbonensi
444 2599 541 2632 eqerint
558 2599 678 2632 referunt
697 2598 732 2624 ad
744 2608 769 2626 a.
784 2602 832 2625 425
850 2599 889 2625 vel
901 2602 955 2625 427
972 2598 1068 2631 Prosp.
1081 2597 1172 2624 claron.
1186 2597 1239 2631 112·
1253 2601 1308 2631 471,
1328 2600 1393 2623 1290
1410 2596 1546 2630 Hydatias
1564 2596 1654 2622 chron.
1666 2596 1736 2629 IIp.

96 2652 134 2683 21,
151 2653 181 2676 92
200 2649 294 2676 Chron.
318 2649 387 2676 Gall.
405 2650 495 2676 chron.
510 2651 530 2676 Ι
532 2658 561 2684 p.
580 2654 641 2683 658,
658 2654 708 2677 102
714 2661 722 2684 ;
740 2651 776 2676 ad
794 2659 818 2677 a.
837 2654 885 2677 436
903 2650 994 2683 Prosp.
1013 2658 1039 2682 p.
1054 2653 1113 2682 475,
1134 2652 1196 2675 1324
1216 2649 1290 2682 Hya.
1304 2656 1333 2682 p.
1346 2651 1385 2682 23,
1399 2652 1459 2681 110,-
1477 2647 1513 2673 ad
1530 2656 1555 2673 a.
1574 2651 1624 2674 439
1643 2647 1737 2679 Prosp.

93 2709 121 2734 p.
140 2705 195 2734 476,
209 2704 271 2728 1335
290 2701 362 2736 Hya
377 2709 405 2734 p.
419 2704 461 2734 23,
473 2704 518 2728 116
630 2701 661 2728 21
681 2702 715 2734 cf.
736 2701 850 2728 Orientii
867 2701 1068 2735 descriptionem
1088 2700 1193 2727 Galliae
1211 2702 1330 2726 vastatae
1348 2707 1473 2726 common.
1489 2702 1512 2731 2,
1527 2702 1610 2725 165-
1621 2701 1668 2723 184

97 2752 131 2778 23
149 2752 286 2787 Scythicis
304 2753 322 2780 i.
346 2753 492 2780 Gothorum
561 2755 651 2788 supple
668 2762 706 2781 ex.
724 2763 763 2788 φ’.
783 2753 889 2780 invenit
908 2754 962 2780 iam
984 2754 1070 2779 Roma
1089 2762 1191 2779 novum
1209 2754 1239 2778 ut
1258 2753 1294 2778 ad
1317 2751 1341 2778 V
1342 2751 1452 2777 anslalos
1471 2751 1602 2777 transitus
1620 2750 1669 2782 fiat

1500 2802 1532 2819 o*
