2106 3061
804 195 978 222 ROMVLEA
998 197 1021 223 X
1668 207 1724 236 139

484 279 666 311 mulcentur
690 280 753 311 iam
778 281 874 312 corda
898 281 988 312 ducis
1010 286 1183 325 natamque
1207 287 1361 326 tyrannus

483 333 600 372 purgat
624 334 656 362 et
681 332 844 373 extemplo
870 332 1007 364 Medeae
1031 334 1141 365 laudat
1164 345 1320 367 amorem:

398 390 449 417 330
487 382 532 413 sic
557 383 674 413 meruit
696 383 826 414 veniam
851 394 1005 424 generum
1031 385 1197 416 confessus
1222 387 1375 425 Achilles7

485 433 531 464 sic
555 436 648 475 pater
672 434 796 475 ignovit
819 434 1032 475 Lycomedes,
1056 439 1185 477 pectore
1209 441 1304 469 natae

485 486 517 515 et
540 484 699 526 Pyrrhum
724 486 867 526 suscepit
890 496 969 517 avus
993 487 1180 528 gremioque
1204 492 1356 530 nepotem

483 535 562 566 fovit
586 539 617 566 et
643 535 682 567 ad
706 536 834 567 Troiam
858 540 932 577 post
956 538 1089 568 crimina
1112 539 1197 570 misit
1220 539 1368 572 Achillis.

483 589 519 617 ut
544 586 663 628 Scytha
687 587 829 618 mollitus
853 588 972 619 blanda
996 589 1117 629 pietate
1141 591 1290 627 mitescit,

396 644 446 671 335
482 648 559 668 mox
581 638 670 669 iubet
694 641 728 669 ut
755 649 911 680 generum
936 639 987 670 vel
1013 640 1128 680 pignus
1152 641 1236 681 regis
1260 641 1300 672 ad
1324 642 1429 672 aulam

484 689 588 720 eiecto
612 692 735 721 terrore
759 693 885 731 rogent.
932 693 1007 722 tunc
1031 692 1121 732 regia
1144 692 1233 722 lauro

484 740 623 781 cingitur
646 744 678 772 et
700 744 810 782 postes
836 742 940 772 soceri
964 742 1015 782 pia
1040 746 1126 773 serta
1149 746 1315 774 coronant.

483 802 559 823 mox
582 792 743 823 thalamos
768 792 898 824 subiere
923 803 1031 834 pares:
1057 794 1196 825 laetatur
1218 794 1314 826 Iason

486 854 625 885 sponsus
650 846 682 875 et
705 844 737 874 in
762 844 875 875 castris
899 844 1038 875 Veneris
1063 844 1182 876 Medea
1204 845 1387 887 triumphat.

396 903 447 930 340
572 898 723 936 quattuor
745 895 871 927 interea
894 895 1046 926 Phoebus
1071 899 1275 937 transegerat
1299 907 1408 935 annos,

484 946 543 977 sed
565 949 658 978 natos
683 946 800 978 Medea
824 946 904 978 duos
929 947 1068 978 fecunda
1092 948 1207 979 marito

483 997 640 1038 ediderat,
665 1008 737 1029 cum
761 1001 855 1029 nocte
880 999 989 1030 iacens
1013 1000 1154 1040 suspirat
1177 999 1274 1030 Iason

483 1059 542 1081 uec
566 1050 706 1090 gemitus
728 1049 853 1081 latuere
870 1060 1012 1091 magam:
1035 1048 1154 1091 ‘quam‚
1179 1050 1303 1089 callide⁷
1328 1050 1472 1082 fraudem

482 1100 608 1142 quodve
632 1100 725 1132 nefas
749 1101 871 1132 moliris
881 1100 904 1131 ἴθ’
927 1101 971 1132 ait
993 1100 1067 1132 ‘non
1091 1102 1176 1132 fallis
1201 1105 1373 1133 amantem.

396 1161 446 1187 345
482 1152 590 1183 dulcia
614 1163 712 1194 saepe
737 1152 813 1193 vigil
838 1155 1042 1184 contrectans
1067 1157 1200 1194 pectora
1224 1154 1340 1184 coniux

483 1203 608 1245 agnovi,
633 1204 708 1245 quia
732 1204 816 1235 furta
839 1214 945 1245 paras,
970 1205 1045 1245 quia
1068 1208 1175 1236 mente
1200 1204 1307 1246 fugaci

482 1256 657 1286 infaustum
681 1255 906 1296 quodcumque
936 1256 1037 1297 cupis.
1083 1259 1208 1287 secreta
1232 1256 1376 1297 polorum

483 1317 655 1348 cognoch
680 1307 707 1338 si
730 1307 862 1338 morbus
887 1308 957 1345 erit7
981 1307 1007 1338 si
1031 1307 1117 1338 bella
1140 1310 1302 1349 parentur,

482 1360 508 1390 si
532 1360 621 1401 pluet
646 1362 701 1390 aut
724 1359 853 1390 flamma
877 1359 1002 1390 caelum
1027 1359 1178 1390 rutilante
1203 1362 1362 1390 coruscet:

394 1419 445 1446 350
483 1414 516 1442 et
539 1414 574 1442 tu
598 1410 748 1442 Medeam
775 1410 880 1442 credis
905 1411 979 1451 quia
1003 1411 1098 1449 fallis,
1123 1410 1255 1441 Iason?³

481 1466 558 1493 tunc
582 1463 626 1494 sic
652 1462 835 1493 Aesonides
859 1462 1001 1492 stimulet
1024 1472 1105 1503 quae
1129 1462 1230 1493 forma
1253 1461 1411 1493 medullas

483 1513 605 1545 indicat
630 1517 663 1545 et
687 1514 783 1556 pellis
807 1524 922 1545 causas
947 1514 998 1544 vel
1022 1517 1166 1555 tempore
1190 1516 1279 1544 tanto

481 1566 567 1607 quod
592 1566 693 1597 lateat
718 1565 833 1603 socios,
857 1565 931 1606 quia
955 1565 1017 1595 iam
1042 1565 1086 1595 sic
1110 1568 1223 1605 regnat
1246 1564 1376 1601 amicus,

483 1620 708 1659 consumptum
723 1627 817 1658 quem
831 1619 934 1647 morte
949 1619 1063 1658 putant
1076 1616 1295 1657 planguntque
1308 1618 1472 1657 parentes:

395 1677 446 1704 355
484 1668 638 1710 ‘optarem
664 1668 810 1699 revidere
834 1678 923 1699 meos
947 1668 1127 1709 iterumque
1151 1667 1270 1698 reverti

483 1720 523 1751 ad
547 1719 717 1759 thalamos,
746 1719 869 1761 regina⁷
894 1722 977 1759 tuos,
1001 1722 1179 1749 monstrare
1202 1718 1361 1759 Pelasgis,

481 1771 555 1813 quid
580 1772 708 1811 coniux,
737 1771 813 1812 quid
837 1771 902 1801 fata
926 1766 1053 1801 valent?
1102 1770 1219 1801 Medea
1240 1770 1354 1800 marito

479 1823 554 1854 ‘iam
577 1824 699 1865 pariter
722 1821 908 1864 pergamus’
932 1822 994 1860 ait3
1017 1821 1073 1853 ‘sic
1098 1832 1197 1852 aurea
1219 1821 1313 1862 pellis

480 1875 622 1914 tollatur,
647 1875 771 1906 lateant
794 1877 921 1905 vastum
946 1876 980 1904 ut
1003 1883 1076 1904 mea
1100 1873 1184 1903 facta
1207 1871 1402 1903 draconem?

394 1934 446 1960 360
484 1926 612 1958 dixerat
635 1928 668 1957 et
696 1926 804 1957 stratis
828 1925 951 1967 rapitur
975 1925 1034 1956 sub
1058 1927 1152 1955 nocte
1178 1924 1292 1955 silenti.

481 1981 569 2010 astra
592 1988 711 2009 vocans
735 1981 768 2009 et
792 1977 885 2018 signa
910 1977 998 2008 ciens
1023 1975 1112 2007 iubet
1135 1976 1190 2006 illa
1214 1975 1370 2017 Soporem

481 2029 514 2060 in
537 2039 650 2061 nemus
675 2029 716 2060 ad
739 2029 857 2071 pellem
882 2028 933 2059 vel
957 2028 1113 2069 templum
1137 2027 1250 2058 Martis
1274 2026 1372 2057 abire.

479 2081 653 2113 dormierat
676 2091 829 2122 serpens:
854 2080 950 2121 pellis
975 2079 1139 2110 subtracta
1162 2079 1277 2109 marito

479 2132 625 2171 traditur,
651 2135 683 2163 et
706 2132 827 2173 pariter
851 2131 1003 2172 fugerunt
1026 2130 1125 2162 fratre
1150 2133 1274 2161 necato.

391 2192 441 2219 365
477 2185 638 2226 accipiunt
662 2186 756 2215 natos
781 2186 814 2214 et
838 2182 966 2224 singula
992 2182 1126 2224 pignora
1148 2184 1285 2223 portant.

185 2286 236 2312 328
268 2291 338 2318 *na-nt,
368 2291 480 2320 natamq3
513 2288 548 2312 sic
574 2288 607 2319 N,
643 2291 800 2318 nautamque
839 2286 919 2310 Dalm
954 2295 1006 2310 von
1037 2290 1102 2309 recte
1214 2284 1260 2309 33]
1300 2285 1400 2316 iguouit
1433 2284 1524 2314 Dalm,
1561 2284 1670 2308 innotuit
1700 2283 1728 2306 X

118 2329 168 2355 333
186 2321 293 2355 Ai'ihillis
320 2331 352 2362 N,
378 2331 505 2356 Achillem
529 2331 654 2362 Rossbery
760 2328 810 2353 334
836 2329 941 2361 tepescit
965 2328 1092 2352 Jmclzelm·
1195 2327 1245 2351 336
1268 2330 1359 2351 vocent
1382 2326 1506 2350 Bia-hele]-
1595 2325 1679 2350 ''laur-o
1703 2330 1724 2349 r(

85 2373 112 2396 in
129 2373 244 2405 maryz'ne
265 2372 372 2398 ''electro
392 2373 435 2398 Nn
534 2372 584 2398 338
609 2374 717 2398 laetatus
737 2372 768 2403 N,
793 2381 857 2397 corr.
873 2371 997 2395 Be'iclzcler
1095 2370 1143 2395 341
1170 2371 1200 2394 Et
1219 2370 1336 2394 Dalm-ens
1440 2368 1489 2394 343
1508 2370 1545 2394 Nc
1562 2369 1672 2401 gemitus
1692 2368 1722 2395 Ν,

86 2423 150 2440 corr.
160 2415 240 2441 Dulm
309 2416 359 2441 349
372 2417 471 2442 caelum
485 2416 618 2447 Biicheler,
631 2416 702 2440 caelo
712 2416 741 2439 N
806 2415 854 2439 351
869 2416 943 2439 Tunc
957 2415 1015 2438 huic
1026 2414 1144 2438 Biilereus
1197 2414 1276 2437 forma
1286 2413 1318 2443 N,
1332 2421 1392 2437 eura
1404 2412 1529 2436 Biia—hezer
1598 2411 1647 2436 354
1660 2412 1724 2435 Con<

85 2450 239 2491 sumptumc'ss
258 2463 337 2484 morte
356 2459 387 2490 Ᾱζ
407 2468 473 2484 corr.
490 2459 568 2483 Dalm
647 2458 697 2483 355
715 2448 834 2490 Optarei‘h
853 2457 896 2481 Nn
980 2455 1027 2481 357
1048 2455 1108 2487 fata]
1129 2460 1188 2480 vota
1207 2455 1338 2485 ΙίῐῐοΙιείεν,
1358 2460 1435 2487 pacta
1453 2455 1567 2481 Ribbeck.
1588 2456 1652 2478 sacta
1672 2454 1722 2478 Leo

118 2501 167 2526 359
194 2502 310 2527 'Ponatur
327 2506 357 2527 ut
375 2502 391 2526 l.
412 2511 436 2526 v.
455 2510 511 2526 mea
531 2501 562 2531 N,
589 2501 688 2526 correzi
763 2501 872 2525 Tollitur
892 2504 920 2524 ut
939 2499 1017 2523 Dalm
1099 2500 1149 2523 sata
1168 2499 1200 2529 N,
1226 2507 1291 2523 corr.
1310 2498 1389 2521 Dalm
1492 2497 1539 2522 361
1561 2489 1678 2529 sop==sticm
1699 2498 1726 2520 N

118 2543 169 2569 362
186 2545 224 2569 Ad
244 2553 334 2570 nemus
352 2545 387 2576 N,
405 2554 472 2570 corr.
485 2545 605 2570 Bam-ens
678 2544 717 2568 Ad
737 2552 825 2568 nemus
844 2552 873 2567 ae
893 2543 983 2575 pellem
1003 2542 1128 2566 Bn‘claeler
1215 2540 1265 2565 3⁴35
1283 2541 1415 2572 Arripiunt
1434 2540 1552 2564 [famens

185 2647 236 2674 330
256 2646 349 2674 Claud.
368 2650 405 2680 35,
426 2650 476 2674 230
499 2646 637 2673 confessus
663 2654 785 2672 socerum
874 2645 924 2671 333
949 2644 1025 2678 Very.
1044 2644 1099 2670 lmc.
1121 2648 1144 2675 4,
1158 2647 1189 2669 36
1211 2643 1247 2669 ad
1266 2642 1376 2668 Troiam
1393 2663 1397 2669 .
1412 2663 1416 2669 .
1431 2663 1437 2669 .
1456 2642 1583 2668 mittetur
1602 2641 1723 2666 Achilles

85 2697 163 2730 (Stat.
177 2698 241 2724 Ach.
256 2703 276 2731 1,
290 2698 366 2731 894);
385 2698 442 2724 licet
455 2698 569 2724 Achilles
586 2706 611 2724 se
628 2697 762 2731 deceperit,
782 2699 870 2722 tumen
886 2699 975 2729 postea
988 2695 1119 2729 Pyrrhum
1138 2695 1174 2720 ml
1192 2703 1248 2720 eum
1267 2693 1444 2719 idcisccndmn
1464 2693 1531 2718 misit
1601 2692 1651 2718 340
1664 2701 1721 2724 sqq.

85 2756 116 2774 ex
133 2748 199 2775 Stat.
218 2749 295 2776 leeb.
309 2753 332 2782 2,
344 2753 396 2776 306
408 2758 471 2783 sqq„
489 2750 531 2775 hic
550 2758 581 2775 ew
598 2749 670 2782 Vcry.
684 2750 752 2775 Aen.
767 2752 792 2780 4,
805 2752 851 2773 296
862 2756 914 2780 sqq.
1019 2747 1069 2773 343
1093 2747 1160 2773 Stat.
1185 2746 1258 2772 Theb.
1276 2750 1298 2778 2,
1315 2749 1363 2772 :2¹34
1383 2746 1471 2778 ‘quos.
1497 2743 1607 2773 callide,
1632 2746 1721 2769 motus

85 2808 200 2833 quamve
220 2800 314 2835 fugam
333 2800 454 2832 moliris’,
474 2801 523 2832 ait,
541 2800 590 2826 ‘nil
609 2799 711 2827 transit
730 2797 878 2826 'amantem’
