2106 3061
361 155 395 180 II.
426 154 472 180 DE
491 154 677 180 DRACONTl
698 154 924 181 CARMINIBVS
943 156 1131 182 CODICIBVS
1150 158 1391 185 EDITIONIBVS.
1596 159 1697 185 XXXV

156 250 218 272 non
247 240 359 272 inutile
387 240 422 271 in
451 240 633 271 recensendo
659 240 776 271 Orestis
802 242 940 272 carmine
967 243 1011 272 est
1029 242 1273 283 florileqium
1302 244 1410 275 incerti
1437 245 1587 282 azwtoris,
1617 245 1698 284 quod
1712 245 1819 275 floril.

53 293 174 325 sacculo
204 292 274 323 XI⁰
307 293 363 323 aut
391 292 481 323 XII⁰
506 290 625 329 factum
654 301 717 322 esse
747 292 876 323 violetur.
913 303 994 331 pars
1017 303 1095 332 quae
1125 295 1168 324 est
1190 294 1226 324 dc
1245 294 1349 325 Oreste
1372 296 1500 325 transiit
1523 296 1557 325 in
1580 296 1698 326 codices

53 345 151 376 XIII
170 344 216 375 vel
240 344 295 375 XI
300 343 331 375 V
343 343 461 374 saeculi
475 342 529 374 lios
537 343 562 383 1)
570 353 580 374 .·
603 343 785 374 Leidensem
801 343 884 376 Bon.
909 343 994 375 Vulc.
1011 346 1053 375 48
1076 354 1152 375 saec.
1170 345 1256 376 XIV
1272 346 1329 386 fol.
1345 348 1386 377 33
1397 347 1442 386 2),·
1464 347 1698 378 Berolinensem
1721 348 1741 372 L

53 395 258 428 DIetzianunz
294 395 335 426 B.
368 395 498 427 Santen.
530 396 571 424 60
597 394 656 435 fol.
675 393 706 425 2¹
736 394 936 434 (descriptum
968 396 1006 426 ab
1038 395 1079 428 E.
1105 396 1204 435 Voiyt,
1246 397 1447 436 Ysenyrimus
1474 408 1505 436 p.
1532 398 1588 428 XI
1619 400 1646 428 et
1679 408 1699 428 a
1718 408 1744 432 D

54 448 198 487 Peipcro,
233 447 426 478 Aululariac
448 445 517 478 edit.
542 446 650 487 praef.
676 456 713 484 p.
736 446 827 477 XIV
850 449 926 485 not„
957 447 1033 477 milii
1064 448 1192 478 contulit
1221 448 1253 479 J.
1283 448 1467 487 Schmun),-
1490 448 1700 479 Harleianum
1720 460 1753 484 Η

53 499 139 530 2745
162 508 186 530 s.
204 498 260 529 XI
264 497 294 529 V
300 497 360 539 fol.
374 499 434 528 95)η
449 497 541 537 (milii
557 497 728 529 liberaliter
743 498 874 529 contulit
892 499 1021 535 Gilson;
1038 499 1231 537 praecedunt
1248 500 1420 540 prouerbia
1436 501 1532 539 siccii,
1556 502 1701 531 secuntur

54 551 225 592 proverbia
249 549 410 589 comedie)
433 551 462 580 ct
483 549 518 579 in
536 548 752 590 fragmentum
769 549 850 588 quod
865 550 939 581 olim
950 549 1020 591 fuit
1035 551 1217 581 monasterii
1236 551 1516 582 Cartliusianorum
1533 551 1698 589 But-licini,
1718 553 1747 578 X

53 612 138 632 nunc
160 604 203 632 est
225 601 260 632 in
276 601 471 640 possessione
492 599 643 631 Ludovici
668 600 800 638 Traube,
823 610 900 633 saec.
919 601 1013 634 XIV.
1058 602 1171 640 recepit
1192 604 1292 632 autem
1315 602 1472 642 florilcqus
1500 602 1553 633 lios
1583 612 1698 639 versus,

53 653 165 693 quibus
188 652 269 684 addo
291 652 398 683 varias
422 652 564 684 lectiones
586 661 624 682 ex
646 652 679 682 B
702 654 730 682 ct
752 652 784 683 A
800 653 937 691 petitas:

707 720 885 751 Proverbia
909 721 1056 752 horestis.

378 781 425 808 191
473 772 609 814 Semper
631 772 718 803 Mars
742 783 872 803 securus
897 774 957 803 erit
981 774 1035 814 qui
1058 772 1195 814 perculit
1218 773 1352 804 hostem.

375 832 425 859 278
471 824 592 855 Discite
618 823 728 854 felices
751 835 814 854 non
837 835 1011 865 numquam
1036 824 1168 855 credere
1193 824 1276 855 fatis.

377 883 426 910 279
471 876 597 906 Felices
622 875 698 906 dare
723 886 846 906 summa
870 876 932 915 dei,
957 879 1065 906 tamen
1090 879 1163 906 ante
1188 876 1370 917 relinquunt

377 935 427 961 280
472 927 514 958 Et
537 928 660 958 miseris
685 928 752 958 sine
776 927 837 958 fine
862 930 979 958 nocent
1002 931 1057 958 aut
1080 927 1162 958 forte
1187 931 1320 968 repente

375 987 423 1013 281
469 979 656 1010 Destituunt
679 989 864 1019 poenasque
888 982 1001 1019 petunt
1025 978 1065 1009 de
1089 982 1174 1009 sorte
1200 979 1349 1009 secunda.

378 1038 426 1065 331
472 1030 531 1061 Est
554 1041 666 1061 aurum
691 1030 846 1071 pulcrum7
871 1030 927 1060 sed
952 1030 1071 1060 femina
1094 1031 1235 1070 pulcrior
1259 1041 1347 1062 auro,

377 1089 427 1115 332
472 1083 561 1113 Auro
586 1082 683 1113 foeda
706 1081 845 1123 placent,
869 1092 947 1112 auro
973 1082 1165 1113 decorantur
1187 1082 1331 1113 honesta.

377 1141 427 1168 337
474 1133 611 1164 Sordida
635 1144 725 1164 mens
748 1144 884 1174 regnare
909 1133 1004 1174 cupit.

377 1193 428 1220 539
472 1185 603 1216 Nullum
629 1186 747 1216 crimen
773 1186 833 1216 erit
856 1188 991 1215 matrem
1016 1186 1129 1226 punire
1153 1188 1332 1216 nocentem.

377 1245 428 1271 452
474 1237 558 1273 Quid
582 1238 622 1267 sit
645 1237 798 1267 honestus
821 1247 921 1276 amor,
945 1237 1065 1267 multae
1091 1237 1232 1267 didicere
1256 1237 1384 1278 puellae

377 1297 427 1323 544
472 1288 533 1319 Hic
557 1292 683 1329 patrem
708 1288 802 1318 docet
826 1299 895 1319 esse
921 1299 1011 1318 suum
1036 1299 1131 1329 quem
1155 1288 1296 1319 vindicat
1319 1289 1423 1319 armis.

379 1349 427 1375 671
475 1340 602 1371 Gaudia
628 1340 704 1370 dant
727 1350 854 1381 gressus
879 1340 1001 1370 celeres
1026 1350 1105 1381 quos
1129 1340 1270 1381 denegat
1293 1343 1392 1371 aetas.

378 1401 428 1428 903
879 1392 963 1427 Quid
987 1392 1051 1422 iam
1075 1401 1227 1432 peccasse
1253 1391 1396 1432 pudebit,

377 1453 428 1479 904
475 1444 553 1475 Cum
579 1444 665 1485 prius
690 1447 739 1474 est
761 1444 792 1474 in
815 1446 918 1474 matre
941 1444 1053 1474 nefas?

377 1504 427 1530 927
875 1495 953 1530 Quis
977 1495 1109 1525 demens
1133 1495 1253 1526 audeat
1276 1495 1377 1526 almos

377 1554 427 1581 928
472 1547 623 1577 Incusare
649 1546 737 1585 deos,
762 1546 876 1587 quibus
901 1550 949 1576 est
972 1546 1117 1587 perfecta
1141 1550 1302 1587 potestas?

377 1607 425 1633 951
473 1598 535 1634 Qui
558 1600 735 1629 temerator
759 1598 819 1628 erit
842 1598 995 1629 caelestia
1020 1599 1088 1628 iura
1111 1609 1252 1637 movere,

377 1659 428 1685 952
472 1649 545 1680 Non
570 1651 630 1680 erit
653 1650 788 1690 impuniti.

160 1719 425 1751 animadvertenti
443 1719 541 1760 facile
563 1719 755 1759 cognoscitur
775 1718 981 1758 βοὶ-1169111113)
1006 1721 1034 1749 et
1049 1718 1195 1750 habuisse
1218 1718 1347 1749 codicem
1371 1719 1461 1749 certis
1485 1718 1558 1749 locis
1580 1728 1707 1757 corrup-

57 1775 122 1803 tum
152 1772 230 1811 (191
253 1782 351 1811 mars,
381 1770 445 1801 279
468 1770 608 1810 Felices,
638 1771 702 1801 280
725 1770 807 1809 sine,
835 1771 899 1800 452
923 1769 1078 1806 didicere,
1108 1770 1169 1799 904
1194 1769 1290 1810 Cum)
1318 1772 1346 1800 et
1368 1779 1430 1800 non
1453 1770 1648 1801 abhorruisse
1670 1769 1708 1800 ab

56 1823 295 1862 interpolatione
319 1823 483 1853 temeraria
507 1832 540 1853 eo
563 1822 691 1853 consilio
713 1821 868 1861 adigenda
891 1824 925 1852 ut
948 1822 1116 1852 sentcntiae
1140 1822 1247 1860 quales
1269 1821 1390 1862 (efficere
1414 1822 1557 1853 studebat
1575 1821 1706 1862 facilius

160 1925 293 1952 honestis
306 1926 336 1952 D
349 1927 358 1958 [Ι
416 1926 463 1952 191
478 1932 526 1950 om.
541 1923 567 1949 L
638 1932 731 1957 emper
744 1924 851 1956 (omissa
864 1924 967 1949 initiali
967 1926 978 1958 )
995 1923 1031 1955 X,
1045 1924 1195 1956 Nunquam
1210 1923 1240 1949 H
1307 1932 1380 1949 mars
1394 1923 1492 1955 XHD,
1511 1924 1583 1950 iners
1596 1926 1661 1949 recte
1675 1924 1708 1956 B,

59 1968 140 2003 inops
154 1969 181 1994 Α
252 1969 304 1995 erit
316 1972 383 1995 recte
397 1968 522 1999 AXHD,
541 1967 600 2002 egit
614 1967 640 1992 Β
719 1967 828 1993 hostem
842 1975 890 1992 om⁴
905 1966 934 1992 D
1015 1966 1065 1993 278
1078 1975 1126 1992 om.
1141 1966 1167 1992 L
1249 1975 1379 1999 umquam
1392 1969 1458 1993 recte
1477 1967 1539 1999 BA,
1558 1976 1709 2000 numquam

61 2011 153 2038 XHD
234 2012 285 2039 279
296 2020 344 2038 om.
360 2011 418 2037 LX
498 2011 568 2037 Sunt
581 2010 678 2037 faciles
692 2011 756 2036 dare
775 2012 841 2035 recte
854 2010 907 2035 BA
990 2010 1055 2036 dare
1077 2030 1082 2034 .
1097 2030 1102 2035 .
1117 2030 1122 2035 .
1142 2018 1186 2035 ma
1206 2010 1231 2035 B
1313 2009 1429 2043 reliquit
1442 2010 1474 2036 H
1553 2010 1603 2036 280
1622 2019 1670 2036 om.
1685 2010 1710 2036 L

92 2055 205 2081 miseros
223 2057 288 2080 recte
307 2055 370 2080 ΒΑι
458 2053 485 2079 in
499 2054 552 2080 fine
569 2056 635 2079 recte
653 2054 704 2079 BA
790 2055 840 2079 aut
853 2053 923 2079 forte
937 2056 1002 2078 recte
1017 2052 1081 2083 ΒΧ,
1100 2054 1129 2078 at
1147 2053 1218 2078 forte
1233 2054 1265 2085 A,
1286 2061 1315 2078 as
1328 2053 1399 2079 forte
1414 2053 1472 2079 HD
1559 2054 1608 2080 281
1623 2062 1671 2079 om.
1685 2053 1711 2078 L

91 2097 227 2124 Destituit
255 2097 286 2123 X
383 2098 457 2123 sorte
488 2100 553 2123 recte
584 2097 683 2128 XHD,
711 2098 798 2122 morte
821 2096 873 2122 BA
974 2096 1094 2122 seconda
1118 2097 1151 2121 H
1245 2095 1294 2122 331
1320 2096 1447 2122 Pulcrius
1470 2098 1512 2123 est
1535 2105 1633 2123 aurum
1656 2096 1711 2122 BA

59 2140 108 2167 337
128 2148 176 2166 om.
192 2140 248 2166 DL
331 2140 381 2166 539
394 2140 505 2174 punisse
520 2140 609 2171 BAL,
628 2139 742 2173 pucnire
763 2139 795 2165 H
872 2139 924 2165 45⁴2
937 2147 985 2165 om.
1000 2139 1024 2165 L
1105 2139 1221 2166 docuere
1234 2142 1300 2165 recte
1313 2140 1366 2165 BA
1453 2139 1504 2166 544
1516 2140 1590 2166 Nam
1603 2142 1710 2173 patrem

57 2185 124 2209 recte
138 2183 199 2214 BA,
211 2182 291 2209 Hunc
304 2184 415 2216 patrem
429 2183 459 2208 H
529 2183 608 2209 decet
621 2183 654 2208 H
714 2183 773 2209 sicu
787 2182 813 2208 Β
883 2182 931 2216 qui
942 2182 966 2207 L
1030 2182 1156 2208 uindicat
1170 2182 1320 2214 BAXDL,
1332 2183 1464 2209 uendicat
1478 2183 1506 2208 H
1565 2183 1613 2210 671
1627 2184 1675 2210 dat
1686 2183 1712 2208 L

94 2225 210 2252 sceleres
225 2225 281 2251 XL
359 2226 410 2252 903
421 2225 532 2260 pigebit
547 2226 608 2251 XH
684 2226 735 2252 904
748 2225 799 2252 Cui
811 2229 876 2251 recte
890 2226 943 2251 BA
1007 2225 1070 2259 pius
1083 2225 1109 2251 L
1179 2227 1271 2252 mente
1284 2225 1317 2251 H
1383 2226 1432 2252 927
1452 2235 1500 2252 om.
1522 2227 1574 2252 AL
1645 2226 1711 2256 Quis

59 2268 172 2295 demens
191 2268 290 2301 BXD,
316 2268 383 2299 Quis
402 2269 522 2302 prudens
540 2269 573 2294 H
665 2270 716 2296 928
734 2278 782 2295 om.
797 2269 823 2295 L
918 2269 1056 2295 Accusare
1080 2269 1131 2294 BA
1228 2269 1354 2303 perfecta
1378 2269 1475 2302 BAX,
1500 2270 1635 2304 permissa
1655 2269 1712 2296 HD

58 2319 90 2337 ecc
103 2312 216 2337 Lucano
233 2316 250 2344 1,
261 2316 309 2338 595
382 2312 430 2338 951
446 2320 494 2338 om.
508 2312 534 2337 L
611 2312 664 2342 Qui
683 2312 842 2345 interpolate
854 2312 982 2344 AXHD,
998 2312 1065 2344 Quis
1078 2313 1105 2338 B
1176 2312 1252 2338 iussa
1265 2312 1308 2338 Bb
1383 2313 1442 2339 iure
1455 2313 1483 2339 D
1559 2313 1609 2340 952
1628 2321 1676 2339 om.
1686 2314 1712 2339 L

98 2354 151 2381 erit
169 2354 341 2387 BaAXHD,
361 2357 421 2381 erat
439 2357 507 2381 recte
526 2355 569 2381 Bb
658 2355 771 2389 inpuuis
793 2355 829 2387 X,
847 2355 976 2389 inpucuis
996 2356 1025 2381 H

62 2440 221 2466 adulteravit
238 2441 268 2466 in
287 2440 358 2470 Quid
375 2441 462 2468 faciat
480 2442 520 2473 A;
538 2445 585 2467 946
600 2449 653 2474 pro
673 2441 760 2468 fertur
771 2441 845 2467 habet
866 2442 890 2466 Β
909 2449 998 2474 perra,
1018 2441 1042 2465 A
1058 2441 1192 2467 substituit
1205 2450 1285 2472 uera:
1305 2445 1355 2468 953
1368 2450 1420 2474 pro
1439 2441 1565 2468 Teresias
1583 2451 1633 2469 nec
1653 2444 1713 2470 erat

63 2483 109 2508 dat
129 2483 170 2509 B:
195 2483 254 2510 Nec
273 2485 391 2510 terestas
415 2486 486 2515 erat,
508 2484 620 2516 falsavit
644 2485 683 2509 A:
706 2484 770 2510 Non
794 2485 952 2517 praestatus
977 2486 1044 2510 erat.
1090 2484 1153 2510 hacc
1174 2484 1313 2516 sufficiant
1335 2485 1464 2517 exempla,
1488 2485 1567 2517 facile
1588 2488 1713 2518 poterant

62 2525 206 2559 duplicari.
249 2527 336 2552 multa
363 2527 419 2552 ium
436 2527 543 2553 docuere
570 2535 651 2560 quam
673 2527 760 2552 ¹nuilus
778 2527 848 2552 testis
868 2527 902 2552 sit
925 2528 964 2559 A‚·
988 2527 1060 2553 addo
1083 2527 1166 2553 deesse
1187 2528 1218 2553 in
1241 2536 1269 2553 eo
1287 2527 1365 2553 etiam
1387 2528 1440 2559 fere
1454 2532 1481 2554 11
1499 2536 1599 2553 vorsus.-
1622 2532 1660 2554 12.
1684 2532 1713 2554 16

61 2570 131 2600 (erat
149 2568 324 2603 dimidiatus).
361 2573 415 2596 213.
436 2573 495 2596 300.
513 2573 570 2596 364.
590 2573 644 2596 366.
667 2574 721 2596 511.
740 2574 844 2596 664-5,
863 2573 913 2596 810
931 2572 953 2595 et
972 2573 1017 2596 811
1036 2570 1066 2595 in
1084 2578 1169 2596 unum
1188 2571 1328 2597 contracti.
1347 2574 1398 2597 927
1414 2573 1462 2605 (est
1480 2572 1511 2597 in
1527 2571 1626 2604 floril).

166 2621 190 2654 1)
205 2621 344 2654 perierunt
356 2621 423 2652 folia
441 2622 472 2647 in
490 2621 584 2654 quibus
595 2622 686 2654 scripti
702 2624 780 2647 erant
797 2621 895 2647 Orestis
908 2630 996 2647 versus
1013 2622 1044 2647 in
1062 2622 1150 2648 Paris.
1170 2622 1215 2648 lat.
1230 2627 1316 2655 15155‚·
1335 2622 1366 2654 cf.
1382 2622 1534 2656 Lohmeyer,
1557 2622 1629 2648 Guil.
1644 2622 1712 2648 Bles.

62 2662 136 2688 Alda
153 2671 216 2690 com.
225 2672 255 2696 p.
268 2668 340 2697 413q.
423 2665 449 2698 2)
461 2664 526 2690 milii
544 2664 653 2698 benique
673 2665 784 2690 contulit
802 2664 855 2690 PC.
872 2664 1047 2698 Molhuysen,
1065 2665 1111 2696 fol⁴
1124 2668 1172 2691 32¹⁷
1191 2665 1342 2692 Proverbia
1355 2665 1585 2699 philosophorum
1603 2667 1632 2692 et
1651 2674 1713 2698 poe-

61 2706 161 2738 tarum,
180 2706 227 2738 fol.
239 2710 271 2733 33
288 2707 440 2741 prouerbia
459 2707 670 2741 virgssianorum
689 2707 780 2740 (yn-imi
798 2715 888 2734 versus
910 2710 975 2733 sunt
996 2707 1068 2741 Gopa
1086 2711 1167 2741 37sq.‚
1185 2708 1280 2734 deinde
1303 2709 1359 2734 sinc
1381 2709 1459 2735 titulo
1487 2708 1566 2735 Orest.
1581 2712 1635 2735 331.
1658 2711 1712 2734 332.

60 2751 116 2775 539.
135 2753 191 2776 544.
210 2753 262 2776 671.
285 2753 340 2777 903.
363 2752 432 2785 904),
449 2753 510 2784 post
522 2750 671 2785 prouerbia
685 2750 801 2777 Tibulli.
897 2751 924 2785 3)
938 2752 1068 2784 optimum
1082 2754 1168 2777 testem
1189 2759 1241 2777 esse
1260 2751 1296 2784 X,
1317 2752 1375 2778 licet
1394 2752 1511 2778 omiserit
1522 2760 1544 2778 iv.
1557 2755 1613 2784 279,
1634 2752 1713 2777 inter-

59 2791 195 2824 potaverit
212 2796 260 2819 903
278 2793 397 2827 pigebit,
413 2793 531 2826 probant
549 2794 671 2820 lectiones
688 2793 748 2820 hae:
767 2797 817 2820 280
835 2796 892 2825 aut,
912 2798 960 2821 928
978 2794 1112 2828 perfecta.

1477 2855 1491 2872 e
1494 2846 1508 2860 2?:
