2106 3061
789 190 963 218 ROMVLEA
983 192 1029 219 III.
1050 193 1088 219 IV
1697 202 1755 232 139

444 285 475 311 15
513 277 587 308 dum
611 277 702 308 nobis
726 278 883 309 immensa
907 279 1026 321 iubet);
1050 292 1101 312 me
1126 293 1250 325 quoque
1275 286 1446 329 triumphis

510 329 639 360 horrida
663 329 750 360 bella
773 333 914 369 manent,
940 335 971 362 et
995 342 1158 374 nunquam
1182 338 1268 367 stare
1293 338 1402 369 licebit

510 380 603 412 hoste
629 380 710 419 sine,
734 381 942 423 trucibusque
968 382 1021 414 diu
1045 394 1234 418 concurrere
1259 391 1411 420 monstris

510 432 692 474 compellor.
739 433 876 473 genitor,
903 437 935 465 te
960 434 990 465 in
1016 440 1144 467 nosmet
1168 439 1309 479 pessima
1332 442 1450 473 coniux

509 483 681 514 horrescit:
705 484 822 515 misero
847 495 975 527 semper
998 489 1031 517 tu
1057 498 1155 519 causa
1178 490 1290 531 pericli
1316 502 1361 524 es.

441 543 475 569 20
510 545 584 565 nam
608 535 685 566 mihi
708 536 847 577 reptanti
872 537 994 568 tumida
1018 539 1144 570 cervice
1168 540 1328 574 dracones

508 585 589 617 Iuno
613 586 694 618 duos
718 587 813 625 misit,
839 588 909 629 quis
934 588 1071 620 frontem
1097 592 1194 623 crista
1218 594 1360 635 tegebat,

508 638 658 670 flammea
680 639 736 669 lux
761 639 872 679 oculis,
898 651 955 681 pro
980 642 1100 682 spumis
1126 646 1230 675 taetra
1253 656 1389 686 venena,

509 689 603 721 sibila
626 690 797 722 vibrabant
820 691 940 732 linguis
964 693 1024 724 sub
1048 693 1144 725 dente
1169 696 1329 728 trisulcis:

507 744 611 773 terror
634 745 703 773 erat
725 743 813 773 visus
838 744 961 774 cunctis
987 745 1174 787 sonitusque
1198 747 1384 781 draconum.

439 801 471 827 25
508 803 588 834 quos
612 794 758 825 manibus
782 794 890 826 ridens
915 797 1091 837 compressi
1115 800 1268 839 parvulus
1293 801 1415 832 ambos.

507 845 539 876 hi
564 845 707 877 tribuere
732 846 810 876 mihi
834 846 971 888 primum
995 858 1051 889 pro
1076 853 1179 881 morte
1204 851 1399 893 triumphum

507 900 540 928 et
562 897 674 937 letum,
698 908 762 928 non
785 898 906 939 praeda
930 899 975 929 fui
1000 899 1131 931 Iunonis
1156 902 1303 935 alumnis.

506 949 617 980 hostes
641 949 754 980 deesse
778 950 856 980 mihi
879 950 946 981 dixi
969 955 1044 993 post
1068 952 1154 984 bella
1178 954 1292 995 leonis,

506 1011 600 1041 quem
624 1001 711 1031 nullo
736 1011 888 1033 mucrone
912 1004 980 1044 peti
1004 1014 1064 1035 nec
1089 1005 1230 1036 restibus
1254 1007 1328 1037 ullis

436 1059 470 1087 30
505 1052 662 1093 implicui:
686 1053 788 1084 fretus
812 1054 962 1085 manibus
987 1065 1046 1086 nec
1070 1056 1202 1088 Maurus
1219 1058 1239 1098 †
1257 1058 1296 1088 ad
1321 1059 1423 1099 illum,

506 1105 595 1135 cuius
618 1105 704 1146 pelle
729 1108 832 1147 tegor.
877 1116 961 1137 nunc
985 1107 1110 1139 fortiter
1135 1119 1210 1140 ecce
1236 1109 1409 1142 tabescens

504 1157 600 1187 tertia
623 1157 709 1188 bella
732 1168 818 1198 gero,
843 1168 926 1199 quae
952 1159 1069 1190 caedes
1094 1170 1192 1202 passa
1214 1166 1398 1203 resurgunt.

505 1219 545 1239 en
569 1209 687 1239 totiens
711 1219 868 1250 percussa
891 1210 961 1242 lues
986 1211 1088 1253 magis
1113 1212 1220 1244 extitit
1243 1213 1360 1245 ardens

505 1263 537 1291 et
560 1271 723 1302 nunquam
748 1261 921 1293 sternenda
945 1263 1040 1294 venit.
1086 1275 1144 1306 pro
1168 1265 1235 1296 fata
1258 1266 1409 1306 nefanda,

435 1319 468 1346 35
504 1312 634 1344 vincere
659 1313 752 1354 peius
777 1314 854 1345 erit:
880 1315 1016 1356 propriis
1040 1326 1114 1346 nam
1139 1316 1259 1348 viribus
1284 1318 1355 1359 ipse

502 1364 688 1405 impugnor3
712 1375 829 1397 saevos
853 1366 979 1407 gladius
1004 1367 1082 1398 mihi
1106 1369 1252 1409 suggerit
1275 1369 1387 1408 hostis,

503 1426 566 1446 non
590 1417 674 1458 rapit
697 1427 772 1448 ecce
796 1428 899 1458 meuS,
924 1418 981 1449 sed
1005 1419 1130 1460 proelia
1153 1421 1239 1452 victa
1262 1422 1427 1453 reformat.

502 1467 565 1499 huc
590 1469 772 1510 quicunque
797 1470 878 1501 deus
902 1470 1002 1501 frater
1024 1471 1100 1502 mihi
1124 1482 1267 1504 summus
1284 1473 1423 1516 Olympo
1448 1485 1494 1514 es,

502 1518 564 1550 huc
588 1519 666 1551 ades
691 1523 722 1551 et
745 1521 856 1552 miseri
879 1521 1008 1553 tandem
1033 1533 1183 1555 succurre
1208 1525 1354 1566 periclis:

432 1579 466 1605 40
503 1570 559 1601 sed
584 1581 705 1612 quaeso
730 1573 842 1603 venias
868 1573 996 1604 soboles
1020 1577 1055 1605 ut
1078 1575 1166 1606 nulla
1190 1586 1359 1615 novercae,

502 1623 648 1663 quamvis
673 1623 715 1654 sis
739 1624 849 1655 frater.
894 1625 958 1656 iam
982 1628 1016 1656 tu
1041 1636 1203 1667 succurre,
1228 1628 1376 1660 Minerva

501 1674 706 1716 bellipotenS,
730 1676 851 1717 patrius
875 1677 926 1707 cui
950 1677 1074 1709 casside
1098 1677 1241 1719 fulgurat
1264 1680 1368 1719 ardor,

502 1736 584 1767 quae
609 1727 713 1768 clipeo
738 1728 891 1760 rutilante
916 1731 1018 1768 tonas,
1044 1740 1126 1771 quae
1151 1730 1286 1762 fulmina
1309 1732 1428 1771 vibras,

501 1781 633 1819 pectore
656 1779 787 1810 saxifico
812 1779 863 1811 cui
886 1780 1004 1812 militat
1027 1781 1124 1823 impia
1148 1781 1296 1824 Gorgon:

431 1837 464 1863 45
500 1829 694 1862 intemerata
718 1841 809 1862 soror
831 1831 871 1862 de
896 1832 1016 1864 vertice
1040 1834 1140 1864 missa
1163 1833 1332 1873 Tonantis,

501 1881 611 1913 sudori
636 1892 786 1914 succurre
811 1893 893 1914 meo.
940 1884 1056 1924 quibus
1079 1885 1201 1916 artibus
1226 1896 1349 1927 angues

501 1933 697 1974 extinguam,
722 1934 776 1975 qui
800 1938 913 1976 sponte
937 1938 1051 1977 petunt
1075 1937 1235 1968 mucronis
1259 1942 1416 1969 acumen?

499 1987 534 2015 ut
557 1988 707 2016 crescunt
731 1986 936 2028 gaudentque
960 1988 1040 2018 mori
1063 1988 1132 2019 fera
1156 1989 1237 2020 colla
1261 1989 1454 2021 draconum!

500 2047 596 2068 caesa
617 2037 739 2078 vigent,
763 2038 846 2069 alter
869 2039 973 2080 surgit
996 2039 1036 2070 de
1061 2040 1195 2071 vulnere
1221 2051 1366 2082 serpens.

431 2097 464 2124 50
500 2088 667 2120 consilium
689 2089 768 2120 mihi
792 2090 881 2131 virgo
905 2089 1009 2122 dedit:
1032 2089 1121 2132 ‘quia
1144 2102 1254 2123 mucro
1279 2092 1405 2124 laborat

499 2140 670 2180 incassum,
695 2140 803 2182 gelida
827 2141 963 2173 flammis
987 2152 1087 2174 exure
1111 2153 1237 2174 venena

500 2195 532 2223 et
554 2195 720 2235 praestent
743 2203 815 2224 cum
839 2195 942 2225 morte
966 2204 1076 2235 rogos;
1101 2198 1197 2236 caput
1221 2206 1315 2227 omne
1339 2199 1470 2237 perurat

498 2245 581 2286 ignis
599 2244 684 2276 edax
707 2255 896 2287 anguesque
913 2249 1058 2277 crement
1080 2250 1152 2288 post
1169 2247 1302 2279 vulnera
1325 2248 1493 2279 flammae.³

209 2352 241 2377 15
259 2361 354 2385 proque
377 2351 465 2381 Dalm,
489 2350 571 2382 deque
594 2348 713 2374 Biilzrens
801 2348 835 2375 20
861 2354 990 2383 reptantes
1014 2350 1141 2375 Bzzclzeler
1228 2350 1261 2376 ‘22
1279 2342 1346 2378 td'cta
1369 2362 1469 2379 uenena
1488 2354 1521 2386 N,
1545 2363 1610 2380 corr.
1624 2354 1750 2380 Biz'claeler

140 2394 173 2420 23
194 2396 241 2420 sub
260 2395 387 2426 Bithrens,
406 2395 439 2420 ab
452 2393 482 2418 N
559 2393 592 2418 24
621 2395 711 2418 Terrot
729 2392 756 2417 N
842 2392 875 2418 28
901 2394 962 2418 duxi
988 2394 1108 2419 Bithrem
1199 2394 1231 2419 ‘29
1257 2397 1372 2421 uestibus
1391 2397 1423 2428 N,
1448 2407 1513 2422 corr.
1532 2398 1630 2429 Haupt,
1654 2399 1749 2423 retibus

107 2438 225 2463 Balzrene
312 2437 346 2463 30
368 2446 416 2463 nec
437 2428 542 2462 maurus
560 2438 593 2462 ad
611 2437 683 2461 illum
700 2436 731 2460 N
797 2437 866 2461 adivi
884 2436 1012 2468 Bina-eus,
1031 2438 1131 2461 adibam
1151 2438 1242 2469 opinor
1327 2439 1359 2463 31
1379 2441 1511 2465 tabescent
1528 2441 1561 2471 N,
1581 2450 1646 2465 corr.
1662 2441 1748 2471 Dulm,

107 2490 244 2514 pavescens
263 2482 356 2513 Peiper
434 2480 466 2505 33
484 2481 557 2505 luens
577 2480 607 2504 N
680 2479 713 2505 36
731 2480 831 2511 gladios
850 2480 883 2510 N,
902 2489 968 2505 corr.
982 2480 1108 2505 L’z'iclzeler
1185 2480 1217 2506 37
1237 2490 1305 2506 meos
1319 2482 1352 2514 N,
1372 2491 1438 2508 corr.
1454 2483 1563 2508 Schenkl
1639 2483 1673 2508 38
1691 2485 1749 2508 Huc

106 2524 193 2555 Dalm,
212 2526 268 2549 Hoc
286 2524 320 2556 N,
339 2525 360 2549 O
378 2524 498 2548 Biilz‘rens
562 2525 641 2548 frater
660 2523 793 2553 ΒᾶοΙιείεν,
812 2527 883 2555 pater
901 2523 931 2546 N
1014 2522 1046 2547 47
1065 2524 1175 2555 fortasse
1193 2533 1309 2555 acumen,
1328 2530 1357 2550 ut
1375 2531 1491 2551 crescant
1571 2525 1604 2550 48
1622 2527 1697 2551 corda
1714 2527 1748 2562 N,

105 2576 172 2593 corr.
184 2567 309 2599 Bossberq
328 2566 374 2600 (cf.
389 2567 462 2599 Verq.
476 2567 539 2591 Aen.
560 2569 582 2597 6,
596 2565 639 2598 49)
727 2566 758 2591 51
778 2568 895 2592 Incasum
915 2566 945 2590 N
1027 2566 1060 2591 52
1080 2566 1188 2600 piestem
1208 2568 1240 2598 N,
1269 2569 1368 2594 correxi
1436 2570 1463 2594 in
1487 2573 1566 2594 morte
1589 2573 1624 2594 ese
1646 2578 1659 2594 e
1682 2578 1712 2594 ex
1735 2579 1748 2594 o

107 2615 218 2636 correcta
235 2611 263 2635 *in
282 2610 312 2634 N
391 2610 419 2635 in
436 2610 464 2634 N
480 2610 648 2642 subscriptum
666 2614 701 2636 est
720 2609 793 2637 τέλος

207 2703 241 2730 23
264 2703 334 2737 Very.
351 2703 420 2730 Aen.
436 2707 458 2735 2,
479 2707 524 2730 211
554 2703 636 2730 sibila
665 2704 827 2731 lambebant
854 2704 958 2739 linguis
988 2704 1165 2731 vibrantibus
1196 2713 1242 2730 ora
1273 2705 1307 2737 (2,
1330 2709 1377 2731 475
1407 2705 1532 2738 linguis.
1552 2725 1557 2731 .
1577 2726 1582 2731 .
1614 2705 1747 2738 trisulcis)

140 2754 173 2782 30
191 2754 303 2781 Maurus
320 2754 347 2782 ‘22
357 2763 409 2789 per
426 2755 526 2781 iacula'
545 2755 683 2787 Bc't'hrens;
704 2755 771 2782 idem
795 2758 825 2782 uc
844 2757 969 2789 probaret
994 2756 1120 2782 Buclceler
1145 2757 1235 2782 attulit
1252 2756 1309 2782 Val.
1330 2755 1375 2783 FZ.
1393 2759 1416 2788 3,
1437 2760 1486 2783 587
1586 2758 1620 2784 40
1638 2757 1673 2788 cf.
1687 2757 1747 2783 San.

108 2805 187 2833 Herc.
202 2805 307 2832 01313
319 2814 354 2839 sq.
439 2806 473 2833 43
492 2806 573 2833 Drac.
588 2807 665 2833 1126
684 2808 711 2834 et
732 2807 821 2841 clipeo
840 2807 973 2834 rutilante
994 2809 1070 2834 tonet
1157 2809 1191 2834 48
1213 2807 1306 2835 Claud.
1321 2812 1361 2840 44,
1377 2811 1408 2834 53
1426 2808 1584 2841 gaudetque
1603 2808 1671 2834 mori

1443 2859 1489 2885 18*
