2106 3061
316 183 324 210 1
334 181 372 210 3⁴
1034 169 1234 197 DRAcou'rn

636 268 669 296 :30
706 259 756 291 vel
780 259 867 290 solas
892 261 1009 290 tractet
1032 258 1152 289 reiecta
1176 255 1309 298 cuspide
1333 255 1436 287 lanas.

706 315 815 343 noster
837 310 863 342 si
887 320 961 341 reus
985 313 1034 341 est
1057 312 1171 340 auctor
1193 307 1375 349 Neptunus,
1400 304 1558 337 anhelans

705 367 833 395 aestuet
857 363 940 393 inter
962 371 1062 403 aquas
1086 360 1150 392 telo
1175 359 1361 390 flammante
1385 367 1444 400 per
1466 355 1587 392 undas;

706 415 779 455 igne
803 424 875 445 meo
899 413 1070 444 vincentur
1093 421 1212 453 aquae:
1239 408 1438 441 fumantibus
1461 407 1555 438 undis

705 466 854 498 Tritonos
879 464 1027 502 Galatea,
1051 463 1169 495 Thetin
1194 461 1363 503 delphines
1386 459 1554 497 amabunt,

636 527 669 552 35
706 517 860 560 quidquid
885 517 1000 548 fluctus
1026 515 1132 550 habet,
1156 517 1258 545 totum
1283 511 1445 544 succendo
1469 510 1640 553 pharetris.

707 570 785 608 sive,
809 579 938 611 parens,
962 571 1054 610 optas
1079 566 1226 598 homines
1249 565 1300 596 his
1323 563 1453 606 ignibus
1478 565 1568 594 ustos

707 621 846 653 inlicitos
870 620 989 651 violare
1013 623 1110 657 toros,
1135 621 1170 649 ut
1193 627 1254 648 non
1278 616 1331 658 pia
1353 615 1455 658 patris

707 673 818 704 oscula.
841 676 916 704 nata
939 674 1030 713 petat
1053 680 1112 701 nec
1136 673 1231 700 nutus
1256 668 1367 699 matris
1390 670 1515 699 amator

706 724 799 756 dulce
823 724 916 755 nefas
940 723 1058 764 cupiat,
1083 722 1182 752 frater
1205 720 1360 762 vitietque
1384 729 1528 751 sororem

637 785 671 812 40
707 777 918 819 privignoque
943 785 1000 806 suo
1026 773 1167 816 potiatur
1190 771 1311 804 blanda
1335 781 1492 803 noverca:

705 829 788 860 alter
811 828 872 859 erit
894 826 1030 858 Perdice.
1054 825 1162 856 furens
1187 827 1284 866 atque
1309 823 1412 855 altera
1435 822 1578 865 Myrrha,

706 880 851 922 luppiter
873 879 954 910 alter
976 878 1037 909 erit
1060 877 1154 909 terris
1178 875 1217 907 de
1241 875 1340 907 fratre
1364 875 1510 914 maritus,

706 932 821 974 (parva
845 931 969 972 loquor)
993 933 1095 968 tauro,
1120 928 1146 959 si
1170 927 1313 966 iusseris,
1338 927 1442 958 altera
1464 926 1551 969 regis

706 984 887 1014 flammetur
911 982 1038 1020 coniux,
1063 979 1217 1012 reddetur
1240 983 1273 1011 et
1295 979 1398 1010 altera
1421 977 1592 1010 Phaedra'.

637 1044 671 1070 45
708 1039 741 1066 at
764 1035 814 1066 his
838 1035 923 1066 laeta
946 1032 1058 1065 Venus
1083 1032 1173 1064 vultu
1198 1034 1322 1062 mutata
1344 1033 1507 1062 renarrat:

707 1085 868 1128 ‘impubes
893 1085 1014 1117 lascive
1038 1095 1128 1127 puer,
1153 1083 1204 1115 cui
1229 1083 1376 1114 subiacet
1399 1093 1494 1114 omne

708 1138 794 1181 quod
818 1142 933 1169 natura
957 1140 1054 1175 creat,
1080 1136 1206 1168 caelum
1231 1146 1318 1167 mare
1343 1134 1452 1166 sidera
1474 1134 1582 1174 tellus,

708 1201 802 1222 nemo
826 1193 916 1222 notet
938 1189 1116 1227 Venerem,
1141 1187 1225 1230 quod
1250 1187 1388 1230 supplex
1412 1190 1518 1219 mater
1540 1186 1698 1218 Amorum

708 1243 791 1285 ignis
815 1252 910 1284 opem
934 1241 974 1273 de
998 1241 1089 1283 prole
1112 1243 1215 1282 rogat.
1260 1250 1335 1271 nam
1358 1249 1493 1271 munere
1517 1239 1550 1270 in
1573 1239 1636 1270 isto

640 1304 673 1331 50
708 1295 853 1337 quamvis
877 1294 919 1325 sit
943 1293 1120 1325 communis
1144 1292 1257 1332 honor,
1280 1295 1400 1331 tamen,
1424 1291 1519 1331 alme,
1542 1291 1682 1323 fatemur

707 1347 759 1378 hic
783 1356 902 1378 numen
926 1346 998 1387 plus
1022 1354 1117 1387 posse
1141 1347 1241 1375 tuum.
1288 1343 1432 1375 lamenta
1455 1343 1599 1385 parentis

709 1399 736 1430 si
760 1398 867 1440 placet
890 1397 1014 1436 ulcisci,
1037 1396 1151 1438 paucis
1175 1394 1336 1437 (adverte)
1361 1395 1495 1427 docebo.

709 1449 944 1492 Nympharum,
973 1458 1053 1490 puer
1076 1448 1169 1487 alme,
1194 1447 1312 1479 chorus
1337 1446 1413 1479 dum
1436 1457 1540 1489 pensa
1566 1446 1704 1478 revolvit

709 1502 812 1534 Penei
839 1501 898 1532 sub
923 1500 1012 1532 fonte
1035 1500 1095 1539 sui,
1119 1499 1234 1542 (pudet
1257 1509 1312 1531 ore
1336 1497 1474 1541 referre)

643 1563 676 1589 55
715 1553 799 1585 Solis
823 1555 930 1584 amata
953 1552 1040 1584 canit
1064 1551 1221 1594 Clymene
1244 1561 1318 1583 mea
1341 1551 1477 1582 crimina.
1499 1550 1659 1593 Nymphis

711 1615 828 1647 meque
851 1615 910 1636 suo
934 1614 1086 1647 prensam
1108 1603 1277 1646 Nymphas
1300 1605 1410 1635 monet
1434 1602 1540 1634 indice
1565 1602 1640 1634 Sole

710 1657 914 1698 Vulcanique
939 1658 1033 1688 sonat
1056 1655 1184 1698 captivo
1208 1654 1314 1687 Marte
1338 1658 1481 1687 catenas.

711 1719 790 1750 quas
814 1707 924 1740 audire
948 1708 1029 1739 libet
1052 1706 1092 1739 de
1116 1709 1228 1738 nostra
1252 1706 1343 1739 clade
1367 1709 1548 1739 canentem.

712 1760 770 1792 sed
792 1761 818 1792 si
842 1759 882 1792 de
906 1759 999 1791 nobis
1024 1762 1111 1791 certe
1136 1761 1268 1791 cantare
1291 1758 1453 1801 placebat,

643 1821 676 1848 00
711 1812 863 1843 iudicium
886 1811 1013 1843 Paridis
1037 1811 1089 1843 vel
1112 1813 1252 1851 nostros,
1276 1814 1362 1850 nate,
1386 1809 1568 1853 triumphos

713 1866 881 1895 cantarent
903 1862 1020 1895 fluidae
1045 1866 1216 1905 carpentes
1241 1872 1343 1905 pensa
1365 1862 1504 1904 puellae.

711 1919 762 1947 cst
785 1915 925 1957 gemitus
949 1915 1029 1946 haec
1053 1925 1151 1946 causa
1173 1914 1246 1946 mei.
1293 1924 1373 1957 quas
1398 1924 1455 1946 ure
1479 1913 1606 1956 sagittis

713 1967 810 1999 corda
832 1967 886 1999 vel
910 1967 1036 1998 illarum
1061 1966 1146 1998 dulci
1170 1967 1320 2008 continge
1344 1976 1487 1998 veneno:

712 2022 849 2051 noscant
873 2018 948 2061 quid
972 2019 1013 2050 sit
1036 2029 1134 2058 amor,
1158 2017 1285 2050 discant
1307 2021 1363 2050 tua
1386 2018 1453 2051 tela
1465 2042 1583 2052 ......

422 2134 456 2160 30
475 2136 507 2159 Vt
526 2134 558 2166 N,
578 2135 609 2159 Et
628 2133 726 2165 Peiper,
746 2133 790 2157 Vel
809 2141 852 2164 eqo
923 2132 992 2157 solus
1004 2131 1039 2163 N,
1057 2140 1124 2156 corr.
1138 2131 1219 2156 Dulm
1278 2131 1313 2156 Vt
1331 2131 1420 2157 sollers
1438 2131 1565 2165 Bossbery
1634 2137 1728 2159 retecta
1740 2133 1774 2164 N,
1794 2142 1861 2160 corr.
1874 2134 1962 2166 Dalm,

319 2180 352 2212 cs.
367 2178 438 2203 Vll!
456 2180 508 2202 357
591 2176 625 2201 32
643 2181 757 2209 pemsms
776 2176 895 2200 Biihrens
986 2174 1019 2200 34
1038 2175 1126 2200 Thetis
1145 2175 1269 2207 Rossherq
1355 2173 1388 2200 36
1441 2176 1468 2201 Si
1487 2184 1577 2208 parens
1595 2175 1686 2209 optaris
1705 2177 1739 2210 N,
1758 2185 1825 2203 corr.
1839 2177 1966 2203 Bftcheler

353 2220 386 2246 38
406 2230 451 2246 nec
466 2221 496 2250 X,
510 2221 549 2245 vel
568 2220 642 2244 Dalm
711 2219 744 2244 39
757 2219 843 2251 cupiat
856 2219 888 2245 N,
908 2219 989 2251 rapiat
1007 2218 1099 2250 I'eipcr
1168 2217 1203 2243 40
1221 2219 1346 2243 moriatur
1364 2218 1454 2244 Bohde
1523 2218 1558 2244 42
1577 2220 1651 2245 terris
1668 2219 1702 2252 N,
1721 2220 1820 2246 Cereris
1839 2220 1964 2253 Roecberq

354 2264 387 2288 43
406 2270 491 2289 muros
511 2264 538 2287 N
603 2262 636 2287 4⁴3
657 2263 792 2295 Impudens
806 2262 838 2293 X,
857 2271 922 2286 cor-r.
936 2261 1062 2286 Bischeler
1075 2261 1224 2293 Imprudens
1237 2261 1330 2293 Peipcr
1399 2261 1433 2287 48
1451 2266 1522 2287 notat
1535 2262 1567 2293 N,
1586 2271 1652 2288 corr.
1667 2263 1794 2289 Bucheler
1862 2262 1897 2289 49
1915 2263 1964 2297 op&

319 2316 385 2331 cur-r.
405 2316 435 2331 ex
459 2316 519 2339 opes
538 2306 566 2330 A·
638 2314 742 2330 munere
767 2306 845 2330 mixtu
865 2305 984 2329 Billa-cus
1077 2304 1112 2329 50
1137 2304 1177 2329 lu'c
1198 2313 1285 2330 versus
1307 2305 1393 2330 eodem
1415 2305 1490 2330 modo
1515 2314 1564 2338 quo
1588 2305 1622 2332 10
1646 2306 1673 2331 in
1699 2307 1814 2340 mar-qim:
1834 2307 1964 2339 suppletus

320 2355 355 2373 a!
380 2359 423 2374 ricc
443 2354 588 2374 nurum-atus
607 2349 631 2373 ιἰι
651 2349 739 2373 urdine
842 2348 873 2373 51
895 2349 961 2373 lliuc
979 2347 1013 2379 N,
1032 2357 1099 2373 corr.
1112 2348 1233 2372 Bulaeus
1330 2347 1364 2373 54
1382 2357 1427 2374 ora
1445 2348 1538 2381 I'en'per
1635 2349 1669 2375 56
1687 2350 1826 2383 nympham
1845 2349 1965 2375 Bffihrem

354 2391 386 2417 57
400 2399 490 2417 sonunt
504 2393 535 2424 X,
555 2402 620 2417 corr.
635 2391 780 2423 Petschenig]
849 2390 883 2416 53
901 2400 959 2416 carc
977 2400 1008 2415 uc
1028 2392 1096 2422 Iefflzs
1110 2391 1173 2422 Quis
1186 2400 1245 2416 neve
1258 2391 1342 2422 iuvnt3
1364 2392 1395 2417 de
1407 2392 1469 2417 libet
1481 2400 1501 2417 c.
1515 2401 1567 2417 acc.
1580 2401 1602 2419 υ.
1616 2392 1694 2418 index
1763 2391 1797 2418 62
1814 2393 1917 2426 genitus
1929 2392 1963 2425 N,

320 2444 385 2460 corr.
401 2436 526 2461 Biiclielcr
617 2435 649 2460 ¹34
694 2436 786 2459 N-›scat
806 2434 839 2465 X,
864 2443 930 2459 corr.
951 2434 1031 2459 Dalm
1049 2435 1075 2459 in
1095 2436 1150 2467 fine
1175 2435 1275 2468 puellas
1292 2434 1382 2466 Dtdnn,
1408 2443 1453 2468 per
1478 2444 1535 2461 ossa
1552 2435 1680 2468 Bahrem,
1706 2436 1789 2462 vereri
1807 2435 1963 2470 Petscheniq.

319 2480 401 2511 ponis
420 2480 474 2503 alia
492 2479 558 2503 velut
577 2483 692 2511 perustae
711 2478 831 2510 loquaces
850 2478 888 2502 rel
905 2486 994 2502 nocere
1012 2478 1066 2502 sim.

424 2589 457 2615 32
474 2589 507 2621 cf.
525 2588 552 2614 Χ
563 2592 597 2614 36
683 2589 716 2614 :33
736 2589 783 2614 Sil.
798 2593 822 2621 -1,
838 2592 884 2615 694
903 2588 1073 2615 fumantibus
1093 2588 1173 2615 undis
1193 2589 1288 2623 (Drac.
1304 2589 1334 2616 X
1347 2591 1394 2624 88)
1481 2589 1514 2616 38
1531 2590 1566 2623 cf.
1581 2589 1677 2617 Oatull.
1690 2593 1730 2622 ⁶4,
1744 2593 1794 2618 402
1805 2597 1843 2625 sq.
1912 2596 1963 2616 nec

322 2640 402 2674 iunyc
421 2649 478 2666 cum
497 2640 576 2666 dulc(-
646 2641 676 2667 41
702 2640 772 2674 Γι-ιῃΔ
786 2641 839 2667 buc.
855 2645 879 2670 4,
893 2644 924 2667 34
944 2640 1015 2667 alter
1034 2640 1086 2667 crit
1099 2642 1158 2666 tum
1172 2640 1279 2675 Tiphys
1299 2642 1327 2668 et
1345 2641 1436 2668 altera
1454 2650 1526 2675 quae
1540 2641 1625 2668 vehat
1638 2642 1712 2677 Argo
1731 2649 1782 2675 eqS.
1852 2641 1887 2668 42
1899 2643 1965 2668 recte

322 2691 408 2723 terris,
427 2692 518 2725 ayi'tur
535 2691 566 2717 de
583 2691 732 2718 hominibus
818 2693 852 2718 4ss
871 2693 969 2717 :irater
983 2696 1003 2724 1,
1020 2695 1068 2718 527
1093 2692 1137 2718 cui
1161 2691 1288 2720 subiacet
1307 2693 1392 2726 illud,
1420 2693 1494 2727 quod
1516 2695 1618 2721 natura
1642 2694 1728 2729 negat
1831 2693 1865 2720 52
1889 2692 1963 2727 Verq.

323 2745 387 2770 Aen.
403 2749 426 2775 -1,
445 2747 487 2770 1115
506 2743 609 2777 pann-is,
629 2744 750 2777 adverte,
771 2744 873 2770 docebo
892 2744 928 2776 (8,
939 2748 973 2770 50
993 2743 1089 2770 Claud.
1104 2748 1139 2777 15,
1153 2748 1202 2771 388
1220 2744 1310 2771 Sidon.
1323 2752 1344 2772 c.
1359 2749 1380 2778 7,
1394 2747 1452 2779 138)
1527 2746 1560 2772 55
1579 2745 1615 2778 cf.
1630 2745 1703 2778 Vera.
1714 2752 1800 2779 qeory.
1813 2748 1838 2777 01,
1851 2747 1899 2772 345
1909 2751 1963 2778 sqq.

355 2797 388 2822 «30
409 2795 479 2829 l'cry.
493 2797 557 2821 Λιίι.
574 2801 591 2824 1,
605 2799 635 2821 21·
655 2795 785 2822 iudiciuin
807 2796 912 2823 Paridis
988 2798 1021 2823 «54
1046 2796 1118 2830 Vos-9.
1132 2797 1188 2823 buc.
1202 2800 1226 2829 3,
1240 2801 1272 2823 43
1292 2807 1362 2824 nunc
1382 2798 1446 2830 scio,
1466 2797 1533 2832 quid
1551 2798 1589 2824 sit
1607 2806 1685 2825 amor
1703 2797 1765 2831 (ου.
1779 2798 1837 2824 met.
1852 2799 1888 2830 13,
1904 2796 1963 2829 7⁶2)
