2106 3061
804 149 978 194 ROMVLEA
997 170 1021 195 11
1674 180 1731 209 135

418 260 450 286 65
487 251 608 283 Alcidis
634 263 740 284 comes
765 257 815 284 est
839 255 937 286 comis
961 257 1139 297 puerilibus
1165 259 1264 297 annis,

485 314 580 345 quem
604 304 702 335 rubor
725 308 760 335 ut
783 316 894 336 roseus
919 307 964 337 sic
989 308 1109 338 candor
1135 309 1257 341 lacteus
1282 314 1388 346 ornat;

486 355 533 385 illi
557 365 737 397 purpureus
762 357 854 388 niveo
880 360 971 388 natat
995 358 1077 399 ignis
1101 360 1131 389 in
1156 371 1219 391 ore.

486 407 547 438 hoo
570 417 669 448 puero
693 408 763 438 viso
787 408 1009 450 Nympharum
1034 410 1128 441 turba
1153 412 1307 449 calescat;

485 458 566 489 haec
590 458 654 489 illis
679 459 720 490 sit
743 470 848 501 poena
872 471 1003 500 nocens,
1027 465 1062 492 ut
1085 465 1159 493 vota
1183 463 1351 496 trahantur

416 518 449 545 70
485 510 628 552 ipsarum
650 511 682 541 in
706 511 847 552 longum,
872 511 974 543 donec
998 513 1154 554 pubescat
1178 516 1325 547 amatus.³

570 562 632 593 iret
655 562 760 593 adhuc
784 563 816 593 in
840 563 940 594 verba
964 564 1062 603 dolor,
1088 566 1118 596 ni
1142 567 1289 608 pinniger
1312 568 1419 599 audax

484 613 649 645 dimittens
674 617 809 645 matrem
834 615 995 646 fricuisset
1019 620 1089 647 cote
1114 618 1262 659 sagittas„

487 676 563 696 arcu
587 666 709 697 cinctus
735 669 812 705 erat,
838 666 954 698 dantur
977 671 1051 709 post
1074 671 1165 710 terga
1189 670 1370 711 pharetrae,

486 718 604 760 accipit
628 721 660 748 et
684 718 829 749 flammas
853 718 1017 750 hominum
1043 720 1216 763 divumque
1240 722 1397 763 voluptas.

415 777 448 803 75
486 769 592 800 evolat
615 773 770 800 armatus:
796 770 851 800 vix
875 771 999 802 caelum
1024 772 1163 813 liquerat
1186 774 1264 812 ales,

486 821 613 862 iamque
638 824 728 852 tenet
752 824 874 855 terras:
901 823 946 853 sic
971 824 1069 854 currit
1092 825 1208 855 mentis
1234 836 1379 857 acumen.

484 876 520 903 ut
542 873 630 903 venit
654 873 694 903 ad
719 873 852 912 fontem,
877 874 1017 915 lapidem
1042 876 1177 916 proiecit
1200 877 1232 907 in
1256 877 1369 909 undas.

485 925 650 956 concussit
674 925 777 956 vitreo
802 926 925 956 sonitus
951 926 1008 957 sub
1033 926 1121 958 fonte
1146 928 1284 969 puellas:

481 976 617 1007 exiliunt
641 980 787 1015 cunctae⁷
812 981 971 1018 quaerunt
994 988 1076 1019 quae
1101 989 1199 1010 causa
1223 981 1349 1021 quietas

413 1035 446 1062 80
483 1028 645 1059 sollicitet.
691 1028 823 1059 volucer
847 1029 973 1070 fugiens
998 1041 1110 1061 nemus
1136 1031 1233 1062 intrat
1257 1043 1402 1073 opacum,

480 1090 622 1120 moxque
647 1078 697 1110 dei
722 1080 829 1111 vultus
852 1081 983 1112 vestivit
1006 1082 1112 1123 imago
1136 1082 1262 1119 Naidis3

482 1131 586 1162 tendit
611 1131 756 1163 membra
778 1142 868 1174 puer,
893 1133 1006 1174 longos
1031 1137 1066 1164 ut
1090 1137 1215 1165 crescat
1238 1135 1269 1165 in
1294 1138 1393 1173 artus,

482 1185 517 1213 ut
539 1183 644 1225 possit
668 1184 828 1225 complere
854 1184 944 1215 dolos
970 1196 1007 1216 ac
1032 1185 1119 1216 iussa
1142 1187 1303 1227 parentis;

482 1258 600 1266 ......
624 1235 725 1276 pedes
749 1236 878 1267 fluitans
903 1237 1002 1267 vestis
1027 1237 1155 1268 laxatur
1179 1238 1217 1269 ad
1241 1239 1330 1277 imos,

411 1294 445 1321 85
484 1286 621 1318 candida
645 1286 754 1318 diffusi
777 1287 892 1318 ludunt
915 1298 972 1329 per
996 1289 1079 1319 colla
1103 1290 1209 1331 capilli

483 1341 515 1369 et
538 1342 633 1369 vento
658 1339 818 1380 crispante
843 1340 945 1380 gradu
969 1351 1061 1371 coma
1084 1341 1217 1372 fluctuat
1240 1345 1321 1382 acta⁷

481 1390 570 1421 frons
594 1390 716 1421 nudata
741 1390 835 1422 decet
858 1391 962 1422 diviso
987 1392 1110 1433 fulgida
1134 1393 1237 1430 erine;

481 1445 513 1473 et
538 1442 627 1473 velut
650 1442 766 1473 invitos
790 1453 921 1484 gressus
945 1443 1135 1484 pudibunda
1158 1445 1310 1476 movebat

481 1493 636 1525 incedens
661 1494 813 1535 fluxoque
836 1495 939 1525 latent
963 1495 1022 1526 sub
1047 1496 1189 1537 tegmine
1213 1497 1342 1538 pinnae.

412 1554 445 1580 90
481 1546 701 1587 misceturque
725 1557 806 1587 puer
829 1546 988 1588 Nymphis
1012 1547 1071 1578 sub
1096 1548 1199 1579 fronte
1224 1549 1352 1589 puellae

480 1599 512 1628 et
535 1608 650 1628 causas
674 1598 832 1639 perquirit
857 1599 965 1638 Amor,
991 1609 1046 1629 cur
1069 1599 1157 1631 fonte
1182 1601 1294 1631 relicto

479 1652 582 1680 terras
607 1652 703 1680 cauta
726 1650 824 1690 petit;
848 1650 951 1681 facilis
976 1651 1026 1681 cui
1050 1651 1143 1682 turba
1166 1652 1279 1683 fluenti

479 1711 547 1732 rem
571 1701 694 1742 pandit⁷
719 1702 861 1742 periurat
884 1700 995 1742 Amor,
1021 1703 1111 1743 quasi
1135 1703 1262 1734 nescius
1288 1706 1383 1735 esset.

565 1753 691 1784 interea
714 1756 787 1795 post
810 1753 897 1784 bella
921 1754 989 1784 suis
1014 1754 1199 1796 Tirynthius
1224 1755 1290 1786 ibat

409 1812 442 1838 95
479 1804 581 1836 victor
605 1815 715 1844 ovans,
741 1805 791 1836 cui
816 1805 942 1836 iunctus
966 1805 1070 1847 Hylas
1099 1807 1335 1847 pulcherrimus
1359 1807 1470 1839 haeret

479 1859 612 1898 gestans
636 1857 783 1888 fulminei
807 1858 926 1899 pellem
950 1868 1021 1888 cum
1046 1857 1196 1889 dentibus
1221 1860 1308 1900 apri;

479 1911 511 1939 et
534 1909 610 1939 licet
633 1909 793 1940 invalidus
818 1909 898 1940 haec
922 1909 1065 1951 pondera
1089 1910 1173 1941 ferre
1197 1911 1333 1950 laborat,

478 1961 546 2001 ipse
571 1963 680 1991 tamen
703 1960 833 2001 gaudet,
858 1962 948 2002 quasi
971 1962 1034 1992 iam
1060 1972 1228 1993 commune
1252 1963 1449 2004 triumphum

480 2015 590 2053 gestet
613 2015 645 2043 et
668 2012 802 2044 Alcides
826 2023 890 2043 non
915 2013 1003 2043 solus
1027 2013 1146 2044 fuderit
1169 2024 1292 2055 aprum.

394 2072 443 2099 100
479 2064 610 2095 horrent
633 2064 781 2095 Alcidem
806 2064 977 2106 Nymphae
1001 2065 1157 2095 mirantur
1183 2065 1366 2107 Hylanque.

479 2127 521 2147 ex
545 2116 662 2157 quibus
686 2126 750 2147 una
773 2119 882 2147 tamen
907 2120 1038 2147 cunctas
1063 2116 1171 2147 adfata
1195 2127 1322 2148 sorores

187 2211 220 2237 65
238 2221 321 2237 comes
340 2215 378 2236 est
396 2220 479 2236 comes
498 2211 531 2240 N,
551 2220 616 2235 corr.
637 2211 738 2243 lVassZer
816 2210 847 2236 74
866 2212 980 2244 Accipiet
999 2212 1031 2243 N,
1051 2221 1117 2237 corr.
1131 2212 1218 2243 Dalm,
1237 2213 1333 2245 Arripit
1351 2217 1375 2238 et
1393 2214 1512 2239 Dalm-em
1588 2215 1619 2239 Sl
1640 2216 1723 2246 imago

84 2254 202 2286 Napaeae
220 2254 347 2286 Billarens,
368 2254 479 2286 Dryadis
498 2255 601 2278 vestivit
620 2255 703 2286 imago
722 2254 821 2286 Pciper,
841 2253 929 2279 Naidis
947 2256 1049 2279 vestivit
1068 2256 1151 2287 imago
1171 2255 1239 2279 Ellis
1311 2255 1345 2280 84
1363 2257 1389 2280 in
1408 2257 1477 2281 ἱνιίίίο
1496 2258 1568 2281 nulla
1583 2258 1677 2282 lamma
1691 2258 1722 2287 N,

85 2296 183 2321 Glauca
210 2297 300 2327 Dalm,
319 2298 405 2329 Vsque
431 2297 555 2329 Rossbery
574 2296 619 2329 (cf.
641 2297 719 2322 Oresa.
735 2298 789 2328 787)
877 2297 910 2322 89
935 2299 1075 2322 incendens
1094 2298 1127 2327 N,
1151 2307 1217 2323 corr.
1235 2298 1314 2322 Dulm
1400 2298 1433 2323 92
1452 2301 1544 2324 Terrae
1562 2304 1618 2325 tuta
1638 2305 1724 2333 petant

84 2338 209 2372 Rossbery
228 2341 273 2372 (cf.
290 2340 361 2372 Very.
376 2340 439 2365 Aen.
454 2343 476 2371 6,
489 2340 547 2372 353)
622 2339 655 2365 93
673 2341 774 2365 nescius
794 2344 862 2365 extet
880 2340 1005 2372 Rossbery
1079 2340 1111 2365 96
1130 2342 1231 2373 (legans
1250 2350 1315 2365 corr.
1335 2341 1361 2365 ἱη
1380 2342 1489 2366 (lestans
1508 2342 1538 2366 A*
1612 2342 1644 2367 98
1657 2352 1722 2368 com-

83 2390 159 2407 mune
177 2386 309 2415 tropaeum
327 2383 452 2408 Baclaeler

187 2467 219 2493 65
235 2466 278 2493 Ov.
292 2470 350 2493 met.
364 2471 387 2498 2,
402 2471 437 2493 55
451 2469 485 2500 (5,
500 2469 563 2501 400)
578 2467 731 2501 puerilibus
744 2468 822 2493 annis
892 2468 925 2494 67
944 2468 1009 2494 Stat.
1022 2468 1085 2494 Aclz.
1101 2473 1122 2500 1,
1136 2472 1178 2494 16]
1191 2468 1272 2495 niveo
1286 2470 1366 2495 natat
1379 2469 1450 2502 ignis
1470 2469 1495 2495 in
1510 2479 1554 2495 ore
1569 2479 1721 2503 purpureus

117 2517 148 2543 71
173 2517 267 2544 Claud.
284 2522 320 2549 15,
340 2522 388 2546 201
410 2518 463 2545 iret
485 2519 575 2545 adhuc
599 2519 626 2544 in
646 2519 729 2545 verba
749 2519 833 2550 dolor,
857 2519 885 2545 ni
902 2519 1078 2553 Iuppiter...
1099 2519 1235 2552 coepisset
1340 2520 1372 2545 72
1390 2520 1419 2549 cll
1434 2520 1501 2546 Hor.
1519 2529 1596 2546 carm.
1610 2525 1632 2554 2,
1648 2525 1672 2554 8,
1692 2527 1721 2548 14

119 2569 152 2595 74
170 2569 273 2596 Lueret.
286 2575 308 2602 1,
322 2575 334 2596 1
352 2571 386 2603 (6,
400 2572 443 2600 94)
461 2571 603 2597 hominum
622 2571 770 2604 divumque
790 2571 920 2605 voluptas
991 2572 1023 2597 7⁴5
1043 2571 1136 2597 Clawl.
1150 2574 1187 2602 35,
1200 2575 1246 2597 201
1265 2573 1399 2604 quamtum
1411 2592 1416 2596 .
1430 2592 1435 2597 .
1449 2592 1454 2597 .
1474 2572 1574 2598 mentis
1593 2572 1722 2599 discurrit

85 2628 199 2647 acumen
218 2621 335 2655 (Coripp.
350 2622 404 2648 Ioh.
419 2626 441 2655 6,
455 2624 513 2656 233)
589 2624 622 2650 79
639 2623 714 2656 Vel-9.
728 2624 797 2649 Aen.
812 2628 836 2655 4,
848 2626 895 2649 379
913 2632 945 2649 ea
965 2632 1029 2649 cura
1048 2623 1156 2656 quietos
1175 2623 1316 2649 sollicitat.
1357 2623 1448 2649 Claud.
1462 2626 1499 2655 36,
1515 2628 1530 2649 6
1548 2633 1618 2657 quae
1639 2633 1721 2651 causa

85 2671 193 2704 quietos
212 2673 327 2700 excierit
396 2674 429 2700 84
450 2674 523 2707 Very.
537 2675 603 2701 Acn.
618 2679 638 2707 J,
653 2679 702 2701 404
716 2675 799 2709 pedes
812 2675 896 2701 vestis
910 2674 1025 2700 defluxit
1039 2675 1073 2701 ad
1093 2674 1161 2700 imos
1180 2676 1222 2706 (cf.
1238 2674 1320 2700 Prml.
1331 2674 1418 2708 μὴμὴ.
1434 2676 1491 2708 636)
1561 2676 1594 2701 89
1613 2676 1718 2702 Lucan.

90 2726 109 2755 7,
123 2727 169 2749 499
187 2725 304 2758 tutoque
322 2725 394 2752 latet
413 2726 462 2752 sub
482 2726 605 2760 tegmine
625 2728 723 2760 pectus
811 2727 844 2753 92
869 2728 952 2753 cauta
974 2727 1027 2753 scil.
1046 2727 1127 2752 turba
1216 2727 1248 2753 98
1267 2726 1438 2760 triumphum
1457 2729 1542 2752 nazcir.
1560 2735 1581 2753 v.
1594 2727 1651 2753 iud.
1665 2736 1683 2753 s.
1697 2735 1718 2753 v.

124 2775 169 2805 101
194 2775 238 2802 Or.
252 2779 307 2803 met.
325 2781 361 2813 11,
380 2781 395 2803 6
413 2786 426 2803 e
446 2777 546 2812 quibus
565 2787 626 2804 una.
663 2781 718 2806 mci,
736 2783 758 2812 5,
774 2782 823 2805 255
847 2779 943 2805 doctas
961 2778 1000 2804 sic
1020 2780 1061 2805 cst
1080 2778 1165 2805 affata
1184 2787 1286 2804 sorores
