2106 3061
640 175 842 202 DRACONTH
878 177 925 204 DE
945 178 1122 207 LAVDlssvs
1143 181 1201 207 DEi
1240 183 1278 208 Ill
1685 189 1724 218 97

495 262 639 293 imbrifer
663 264 803 294 extinxit
828 264 1015 295 mitissimus
1041 267 1175 306 angelus
1200 267 1332 307 intrans,

344 322 393 349 180
421 323 479 355 (175)
500 315 589 345 cuius
613 318 682 346 erat
706 316 819 346 similis
844 315 969 347 divinae
993 318 1090 358 prolis
1114 318 1228 360 imago.

496 376 559 396 non
583 367 682 397 vestis
706 368 869 398 flammata
892 368 979 406 viris,
1005 379 1067 399 non
1092 371 1189 401 crinis
1213 371 1356 410 adustus,

495 428 598 459 pruna
621 429 681 449 nec
706 421 871 450 extremae
896 420 992 451 laesit
1016 421 1153 461 vestigia
1176 423 1305 463 plantae

497 470 686 500 conculcata
710 470 786 501 licet
810 471 928 502 totiens
953 471 1175 512 gradientibus
1200 475 1271 506 illis.

495 521 622 552 illaesos
646 532 765 563 pueros
791 523 922 563 expavit
945 523 1046 554 Persa
1070 527 1239 565 tyrannus:

342 580 390 606 185
418 581 476 613 (180)
494 570 725 613 ‘egrediantur²
747 573 791 604 ait
814 573 976 605 dominum
1001 575 1170 607 confessus
1195 587 1305 608 eorum

493 623 619 664 plenius
644 627 739 665 atque
765 635 856 655 suun]
882 626 996 656 solium
1022 627 1110 658 iubet
1134 629 1237 659 omnis
1262 628 1374 660 adoret

492 674 664 706 Parthicus
688 676 821 717 imperio
847 677 1010 709 subiectus
1034 679 1120 720 regis
1145 683 1177 710 et
1200 681 1304 712 aulae.
1330 700 1371 704 —

494 737 591 758 saeva
614 727 784 759 Danielem
810 729 915 760 rabies
939 732 1035 771 atque
1060 741 1115 761 ora
1138 731 1267 763 leonum

493 789 557 809 non
582 780 721 820 tetigere
745 781 845 822 pium,
870 782 919 812 cui
943 781 1084 813 destinat
1107 783 1238 825 insuper
1263 795 1369 816 escam

341 838 389 866 190
417 838 476 872 (135)
496 841 613 872 magna
637 831 688 862 dei
711 832 825 874 pietas,
851 833 958 864 ieiuno
983 837 1117 876 utroque
1142 835 1244 866 leone.

493 883 563 923 quis
587 883 669 924 petit
694 886 725 914 et
749 884 828 915 vixit
852 889 987 916 venator
1010 886 1142 918 inermis
1167 887 1310 919 harena?

492 934 780 976 amphitheatrales
805 936 858 977 qui
882 947 944 968 non
968 941 1129 969 tremuere
1153 939 1288 979 furores,

493 997 565 1017 cum
590 987 766 1028 crepitante
792 998 870 1019 sono
895 988 1068 1030 productor
1092 990 1240 1022 verberat
1264 1002 1359 1023 auras

493 1038 633 1079 (longius
658 1039 813 1070 assistens
839 1039 1017 1081 Massylum
1043 1051 1082 1071 ex
1107 1044 1175 1072 arte
1200 1042 1331 1073 lacessit

340 1097 388 1123 195
415 1097 473 1129 (190)
492 1089 593 1120 lintea
616 1090 704 1120 fluxa
727 1090 857 1121 trahens
880 1091 1042 1122 venabula
1067 1092 1162 1133 longa
1185 1094 1309 1124 tenenti

494 1141 612 1182 poplite
634 1142 783 1182 subnixo,
807 1142 887 1174 dura
912 1143 971 1174 sub
995 1143 1080 1184 pelle
1105 1144 1236 1183 lacerto,

493 1192 676 1234 inguinibus
700 1194 827 1233 strictis,
851 1195 976 1225 sinuato
1001 1198 1130 1236 pectore
1155 1196 1249 1237 nisa),

491 1255 563 1275 cum
588 1244 732 1276 residens
757 1245 864 1276 caveis
888 1246 970 1277 inter
994 1248 1177 1288 spectacula
1202 1248 1286 1279 festa

491 1299 565 1326 vota
588 1296 665 1327 facit
689 1297 833 1338 populus,
858 1308 898 1328 ne
922 1299 942 1337 †
966 1298 1071 1329 valida
1095 1299 1197 1330 bestia
1220 1301 1239 1339 †
1264 1303 1338 1331 nota

338 1355 388 1383 200
417 1355 474 1388 (195)
494 1347 514 1384 †
538 1348 702 1389 sanguinis
727 1348 767 1379 ab
791 1359 846 1380 ore
870 1351 890 1389 †
914 1350 995 1381 farte
1020 1350 1119 1381 facies
1144 1351 1176 1381 in
1201 1355 1301 1383 morte
1327 1352 1498 1383 ruborem?

493 1400 620 1441 quando
646 1400 724 1431 dnos
749 1401 870 1442 pariter
894 1402 1039 1443 suscepit
1062 1402 1184 1433 harena
1207 1403 1317 1434 leones

492 1451 654 1493 praesidio
679 1452 724 1482 sic
748 1455 823 1494 apta
847 1453 952 1494 fugae,
978 1454 1150 1495 spatiosior
1173 1455 1268 1494 orbis,

492 1503 604 1534 clausa
627 1506 807 1545 patensque
831 1504 926 1535 simul
950 1505 998 1535 bis
1023 1516 1101 1536 seno
1127 1506 1256 1537 cardine
1283 1511 1398 1538 verso?

492 1554 565 1585 hinc
589 1555 636 1585 vir
659 1555 750 1586 adest
774 1558 870 1597 atque
896 1556 969 1587 inde
995 1556 1073 1596 fera,
1099 1560 1187 1588 stans
1211 1568 1292 1588 unus
1317 1558 1355 1589 ad
1382 1570 1493 1595 unuin:

337 1614 387 1640 205
418 1614 475 1646 (που)
495 1606 569 1636 111110
593 1609 717 1637 armata
741 1617 854 1638 manus
878 1607 972 1645 ferro,
997 1607 1070 1639 hinc
1095 1608 1244 1639 dentibus
1269 1620 1334 1640 ora.

492 1661 523 1688 et
547 1660 654 1689 tamen
679 1659 799 1689 auxilio
825 1669 921 1701 supra
945 1663 1040 1701 caput
1064 1660 1197 1691 inminet
1221 1661 1312 1699 alter,

492 1709 653 1740 morsibus
677 1710 780 1741 inlisis
805 1720 844 1740 ne
870 1710 976 1742 bestia
999 1711 1144 1742 membra
1168 1712 1302 1743 iacentis

491 1764 590 1792 vexet
614 1765 646 1792 et
669 1761 836 1792 horrorem
859 1762 956 1793 faciat
981 1762 1098 1794 dilecta
1122 1764 1281 1805 voluptas.

492 1813 573 1854 quis,
597 1823 685 1854 rogo,
711 1816 777 1844 tam
801 1824 917 1845 saevas
942 1814 1047 1846 rabies
1073 1825 1279 1856 compescere
1304 1816 1422 1847 vindex

337 1872 388 1899 210
417 1872 475 1905 (205)
494 1868 636 1896 armatus
661 1866 876 1907 praesumpsit
900 1865 1014 1896 homo?
1061 1866 1257 1897 clarissimus
1280 1868 1334 1898 ille

492 1916 636 1955 Alcides,
661 1927 756 1958 quem
780 1920 924 1948 monstra
948 1918 1055 1948 ferunt
1079 1917 1241 1949 domuisse
1265 1919 1415 1957 nefanda,

493 1969 543 2009 qui
568 1968 687 1999 virtute
713 1969 802 2010 polos
827 1970 986 2000 meruisse
1011 1972 1060 2000 est
1084 1970 1186 2000 dictus
1211 1973 1242 2001 et
1266 1973 1363 2009 astra,

492 2020 546 2050 vix
569 2030 668 2051 unum
693 2021 834 2051 extinxit
858 2024 986 2062 captum
1011 2032 1068 2062 per
1092 2021 1174 2052 colla
1197 2022 1334 2060 leonem,

493 2071 519 2101 si
543 2073 651 2102 tamen
675 2071 760 2102 hunc
784 2082 885 2103 verax
909 2083 966 2113 per
990 2073 1121 2103 saecula
1144 2073 1231 2103 fama
1254 2073 1362 2103 locuta
1386 2076 1443 2105 cst.

339 2130 389 2156 215
418 2130 478 2162 (210)
497 2122 554 2153 sed
578 2123 629 2154 hic
652 2124 748 2164 plena
772 2123 851 2154 fides
876 2123 1013 2155 hominis
1038 2124 1159 2165 pietate
1184 2124 1340 2155 Tonantis

82 2197 108 2221 ἰη
128 2198 149 2221 C
164 2197 222 2223 210.
241 2198 292 2224 212

185 2246 230 2271 181
252 2248 335 2272 uentis
354 2248 386 2278 B,
405 2257 470 2273 corr.
485 2248 597 2273 Arevalo
678 2248 726 2273 183
744 2250 918 2280 gracientibus
937 2250 968 2280 B,
989 2258 1054 2274 corr.
1070 2250 1101 2273 Δ1[
1169 2250 1221 2273 illic
1241 2250 1271 2280 B,
1292 2259 1357 2274 corr.
1378 2250 1413 2274 Νι
1500 2250 1548 2274 186
1567 2249 1670 2281 solum)
1690 2250 1720 2279 Β,

81 2297 146 2320 (ιονιξ.
161 2290 272 2315 Arevalo
350 2290 399 2316 190
416 2292 488 2316 leone
507 2292 539 2322 B,
558 2301 624 2317 corr.
639 2292 751 2316 Arei-alo
829 2292 873 2317 191
895 2301 999 2317 arenam
1022 2293 1133 2317 Arm-alo
1213 2293 1261 2317 193
1280 2292 1462 2324 u(er)b(erne1.)
1482 2293 1512 2322 B,
1530 2302 1595 2317 corr.
1612 2293 1721 2317 Areva&

117 2331 164 2357 197
183 2333 283 2358 sinuato
300 2343 352 2366 esso,
371 2338 441 2359 muto
460 2335 491 2366 B,
510 2339 607 2360 mutato
630 2336 659 2359 M
668 2336 686 2366 ³,
706 2336 803 2360 munito
822 2336 948 2360 Biiclzeler
1012 2337 1067 2360 uisa
1086 2336 1116 2365 Β,
1136 2345 1202 2360 corr.
1218 2336 1324 2360 ‹llaeser
1389 2336 1484 2360 nudato
1504 2341 1602 2368 pectore
1621 2345 1721 2360 sursum

83 2374 201 2408 Arevalo,
221 2378 316 2401 nudato
335 2379 442 2409 pectoris
460 2387 509 2403 usu
525 2379 616 2410 Peiper
686 2378 734 2403 12>ss
753 2378 877 2411 pop(ul)is
891 2379 922 2410 B,
937 2388 1002 2403 corr.
1018 2379 1128 2403 Arevalo
1199 2388 1230 2403 ne
1250 2379 1333 2403 ualida
1346 2379 1420 2403 belna
1440 2384 1500 2403 nota
1515 2379 1557 2408 ]›'¹,
1578 2380 1657 2403 hestia
1673 2388 1721 2410 [1ιό

82 2418 158 2444 belua
175 2420 299 2444 substituit
318 2421 354 2444 ,Β2
425 2420 475 2445 200
493 2422 631 2454 Sanguinis
650 2422 681 2446 ab
701 2431 743 2446 ore
762 2423 824 2446 farte
844 2423 921 2446 facies
941 2422 964 2446 B
1016 2423 1101 2446 valido
1120 2431 1151 2447 ne
1171 2423 1252 2446 bestia
1270 2431 1354 2446 morsu
1374 2423 1511 2453 Sanguinis
1530 2422 1633 2445 humani
1653 2422 1722 2445 sanie

82 2463 185 2493 perfusa
208 2464 334 2488 madescat
352 2463 450 2495 (versus
468 2467 520 2489 200
540 2465 565 2489 in
590 2465 615 2489 U
628 2474 680 2489 non
694 2466 789 2496 plenus
808 2464 890 2497 adest)
914 2464 1037 2497 Arevalo,
1062 2466 1146 2490 valida
1171 2474 1202 2490 ne
1228 2466 1310 2490 bestia
1333 2469 1421 2490 uotum
1444 2466 1580 2497 sanguinet
1603 2473 1644 2488 ore
1670 2466 1721 2488 sero

83 2505 178 2530 faciens
197 2506 222 2530 in
242 2515 306 2531 111.1·.
328 2507 441 2538 Glaeser,
462 2508 548 2532 valida
571 2517 602 2533 ne
622 2509 703 2533 bestia
722 2509 789 2533 mala
807 2509 964 2540 Sanguinem
988 2509 1019 2533 ab
1044 2517 1085 2533 ore
1111 2511 1174 2533 serat
1193 2509 1287 2533 faciens
1306 2509 1320 2533 i.
1336 2517 1400 2533 111.1’.
1420 2517 1471 2540 eyn,
1492 2517 1522 2532 ne
1542 2508 1623 2531 valida
1644 2508 1722 2531 bestia

82 2551 155 2572 notas
183 2550 340 2581 Sanguineas
366 2552 458 2575 referat
487 2549 532 2583 (ef.
558 2551 648 2576 Claud.
672 2554 695 2582 4,
715 2550 758 2583 10)
786 2552 882 2576 faciens
905 2552 921 2576 i.
940 2560 972 2576 111.
990 2561 1009 2576 1,
1034 2551 1160 2576 Βίἳοῖιοίεν
1264 2551 1315 2576 202
1343 2552 1363 2576 si
1391 2556 1462 2583 capta
1487 2551 1515 2581 I),
1543 2560 1607 2574 corr.
1631 2551 1722 2581 I'eilm·

115 2590 166 2616 205
183 2592 321 2625 arm(e11)ta
334 2593 377 2623 13¹,
398 2602 463 2618 corr.
477 2594 514 2618 B²
584 2594 635 2619 208
654 2595 730 2619 faciet
744 2595 774 2626 By
789 2603 853 2619 corr.
866 2595 898 2618 M
964 2595 1086 2619 uoluntas
1100 2595 1131 2625 B,
1151 2604 1218 2619 corr.
1234 2594 1344 2619 Arevalo
1414 2594 1461 2618 ⁴211
1477 2602 1527 2626 quq
1547 2594 1578 2624 ]ι’,
1593 2603 1658 2617 corr.
1674 2593 1718 2616 *11¹

117 2633 167 2658 212
186 2636 280 2660 uirtute
299 2644 346 2661 sua
365 2637 435 2668 polos
457 2637 478 2661 C
562 2636 612 2662 ‘214
631 2638 691 2662 huic
716 2638 741 2661 U

189 2702 237 2730 180
256 2703 331 2730 Dan.
345 2708 369 2735 3,
381 2707 413 2729 92
485 2704 533 2730 193
552 2704 741 2737 Ve·1·9.A‹·n.5‚
753 2708 802 2730 377
820 2705 945 2731 verberat
964 2705 1066 2731 ictibus
1085 2713 1165 2730 auras
1238 2705 1285 2730 195
1305 2704 1412 2730 tenenti
1428 2703 1524 2737 pendet
1544 2711 1575 2728 em
1594 2702 1722 2728 assistens

119 2745 167 2771 196
190 2746 233 2771 Ov.
248 2748 305 2773 met.
321 2751 340 2778 7,
354 2750 399 2772 191
418 2746 447 2772 in
467 2747 535 2773 dura
554 2747 688 2774 submisso
707 2747 815 2781 poplite
834 2749 914 2774 terra.
943 2748 976 2779 cf.
998 2748 1052 2774 Val.
1070 2748 1114 2773 Fi.
1131 2752 1154 2779 6,
1169 2751 1216 2773 245
1231 2747 1297 2772 Hor.
1311 2749 1358 2772 sat.
1372 2751 1394 2778 2,
1412 2751 1431 2779 7,
1446 2751 1476 2772 117
1545 2746 1595 2772 203
1614 2745 1721 2771 bissono

83 2788 116 2820 cf.
135 2789 236 2815 Auson.
250 2793 309 2821 408,
326 2794 352 2816 11
375 2790 489 2816 Cassiod.
504 2798 557 2816 rur.
571 2794 593 2822 3,
606 2794 646 2822 51,
665 2795 680 2816 4
767 2791 817 2818 2013
840 2792 883 2817 Or.
897 2793 952 2817 met.
970 2794 993 2823 8,
1009 2795 1058 2817 429
1074 2790 1196 2824 insignia
1215 2790 1343 2816 dentibus
1363 2798 1409 2815 ora

184 2843 345 2868 Sempronns
363 2843 551 2874 AN‘riqmsst
570 2844 629 2867 XlV
644 2843 665 2869 1.
1486 2841 1516 2866 13
