2106 3061
404 166 424 191 X
432 165 451 190 X
458 165 478 190 X
484 165 506 190 ll
1124 162 1339 190 PRAEFATIO.

498 249 648 286 ccxlva,
675 249 712 280 de
742 259 802 289 quo
831 249 963 280 relatum
994 250 1038 279 est
1071 249 1102 279 in
1131 249 1212 280 libro
1242 248 1417 290 catalogus
1447 249 1672 280 Bibliothecae
1703 249 1840 280 Latinae
1871 248 1989 279 veteris
2022 250 2058 279 et

397 303 549 334 classicae
574 301 809 342 manuscriptae
831 311 914 342 quae
937 301 967 331 in
984 301 1073 341 regio
1091 300 1306 341 Neapolitano
1324 300 1437 331 Museo
1455 299 1637 331 Borbonico
1654 300 1853 338 adservatur,
1878 299 2057 342 descriptus

396 364 414 385 n
440 353 575 384 Cataldo
608 352 777 387 lnnnellio,
816 352 954 393 Neapoli
982 351 1265 383 MDCCCXXVII
1290 354 1402 390 p.172
1424 362 1488 390 sqq.
1519 354 1547 381 et
1576 362 1615 382 ex
1645 361 1704 390 quo
1733 351 1888 382 Helenam
1919 351 2059 382 ediderat

396 415 473 436 usus
494 405 612 436 schedis
635 404 765 435 Innellii
787 408 830 442 (ι’.
850 403 945 434 Dalm
966 404 1072 443 praef.
1097 414 1127 442 p.
1152 403 1181 434 V
1200 405 1282 442 sqq.)
1305 403 1345 434 A.
1364 402 1475 434 sslaius
1500 402 1689 444 (Appendix
1714 402 1755 434 nd
1780 412 1878 444 opera
1904 401 1991 434 edita
2015 402 2056 434 ab

403 457 529 498 Angelo
553 456 649 488 Maio.
675 455 799 486 Romae
825 454 1088 486 MDCCCLXXI
1107 465 1141 494 p.
1163 456 1222 485 103
1237 456 1327 494 sqq),
1351 456 1431 485 totus
1454 455 1595 485 conlatus
1618 457 1661 485 est
1683 465 1703 485 a
1727 454 1784 486 Fr.
1808 454 1845 485 de
1868 453 1976 492 Dalm,
1999 455 2055 494 qui

397 509 467 540 inde.
489 508 586 539 edidit
609 508 751 538 carmina
776 507 957 547 (Di-acontii
985 508 1127 538 carmina
1157 507 1278 537 minoi-n
1309 506 1446 547 plurima
1477 505 1597 537 inedita
1628 516 1669 536 ex
1701 505 1812 537 codiee
1840 505 2056 547 Neapolitano

397 559 498 591 edidit
514 559 566 592 Fr.
582 559 612 590 d.
627 559 665 590 D.
683 559 812 600 Lipsiae
836 559 937 599 1873).
975 569 1069 598 quam
1087 558 1120 588 in
1136 558 1298 589 editionem
1317 558 1396 588 iusto
1412 557 1548 588 severius
1566 558 1702 588 invectus
1717 560 1761 588 est
1786 557 1873 588 Aem.
1893 557 2059 590 Baehrens

393 613 526 653 yloriam
556 612 703 642 editionis
726 612 882 652 principis
909 611 970 642 sibi
992 612 1195 650 praereptam
1224 620 1313 649 aeqre
1338 609 1448 650 ferens
1477 608 1607 648 (Jahrb.
1627 609 1657 650 f.
1681 608 1766 641 Phil.
1790 619 1820 640 u.
1845 608 1966 649 Paday.
1984 610 2057 648 107,

398 665 489 701 1873,
512 664 574 694 265
590 665 680 703 sqq),
703 664 758 702 qui
781 665 809 693 ct
833 663 897 702 ipse
919 663 1063 693 camnine
1081 664 1191 703 postea
1214 661 1367 692 recensuit
1389 662 1479 700 (poet.
1496 661 1550 692 lat.
1571 661 1644 691 ηιίη.
1671 660 1697 691 V
1714 671 1746 700 p.
1764 661 1827 691 126
1842 661 1932 700 sqq).
1978 670 2056 693 sane

395 714 548 746 Duhnius
569 714 655 745 baud
677 724 750 745 raro
775 715 808 744 in
832 713 1007 755 referendis
1029 713 1141 744 codicis
1164 712 1346 744 lectionibus
1362 712 1504 751 peccavit
1528 712 1689 751 (qr-aviora
1712 712 1863 743 commisit
1893 711 1984 744 VIII
2004 714 2055 745 44.

395 768 467 797 246.
493 767 579 803 556),
602 768 635 796 at
650 766 775 806 saepius
792 766 861 796 lieet
877 765 975 796 levius
990 765 1056 804 ipse
1073 764 1238 796 Baehrens
1253 764 1379 802 erravit,
1403 764 1486 794 velut
1508 763 1597 795 VIII
1609 764 1673 794 454
1689 765 1717 794 et
1735 763 1835 795 Dalm
1850 766 1878 795 et
1893 763 2058 797 Baehrens

395 818 519 850 silentio
542 820 696 849 testantur
719 817 928 859 placidasque
951 826 1015 847 esse
1038 817 1072 847 in
1095 816 1203 854 codice,
1227 826 1295 846 cum
1318 825 1381 846 non
1404 815 1526 854 leqatur
1547 815 1613 846 nisi
1637 814 1790 857 placidas.

345 868 372 894 V
496 869 667 908 pleniorem
683 869 832 900 Bobiensi
849 868 1069 900 Romuleorum
1085 867 1215 899 codicem
1229 867 1359 898 habebat
1375 867 1430 906 qui
1444 867 1612 906 composuit
1631 867 1818 906 stoi-ileyiwn
1842 866 1931 899 Vero
1943 877 2058 899 nense

395 920 475 961 bybl.
499 921 625 959 capitul.
653 920 835 952 CLXVIII
855 922 950 960 (155)
979 920 1101 951 membr.
1121 919 1246 960 formae
1269 920 1459 958 quartanae,
1485 918 1529 949 27
1548 918 1699 959 foliorum
1722 928 1791 950 cum
1813 918 2057 958 subscriptione:

499 971 686 1013 Expliciunt
715 973 811 1003 flores
838 971 1008 1003 moralium
1040 971 1275 1011 a(u)toritatum
1306 970 1447 1002 maxime
1475 970 1623 1001 utilitatis
1652 974 1684 1001 et
1715 970 1846 1001 honoris
1875 970 1934 1002 sub
1965 970 2057 1002 breui

398 1024 568 1055 interuallo
594 1024 713 1055 conditi
737 1034 795 1065 per
818 1034 870 1055 me
897 1029 913 1057 ;;;
928 1023 968 1054 V.
1015 1022 1051 1053 In
1081 1023 1142 1053 hoc
1173 1022 1307 1053 Cassinii
1332 1024 1379 1058 (Ρ)
1403 1032 1502 1063 opere
1526 1022 1639 1053 laboro
1663 1022 1722 1053 sub
1745 1033 1827 1053 anno
1853 1021 1969 1054 Clu-isti
1993 1022 2053 1053 im-

398 1076 540 1117 perantis
563 1075 733 1106 millesimo
758 1075 807 1106 bis
830 1075 1006 1106 centesimo
1031 1075 1145 1106 iunctis
1169 1078 1364 1115 centumque
1389 1074 1519 1114 triginta
1543 1074 1647 1104 minus
1669 1084 1743 1105 uno.

496 1127 691 1166 florileqimn,
715 1127 796 1166 quod
820 1127 884 1167 ipse
907 1128 1002 1157 totum
1032 1125 1170 1157 Veronae
1193 1126 1354 1164 descripsi,
1379 1126 1470 1163 affert
1493 1125 1547 1156 lios
1572 1124 1727 1156 Draconti
1750 1135 1873 1157 versus:

438 1191 561 1232 fol.1r‚
584 1192 637 1222 col.
653 1192 676 1223 2
699 1192 755 1222 lin.
774 1193 792 1222 1
838 1191 961 1222 Bloxus
987 1192 1015 1222 in
1040 1190 1215 1221 Romulea:

604 1242 687 1278 Quia
712 1243 842 1274 numina
871 1253 1000 1284 semper
1028 1242 1120 1272 irasci
1148 1242 1272 1272 miseris
1304 1245 1436 1282 possunt
1459 1240 1608 1272 felicibus
1631 1244 1740 1272 autem

603 1298 635 1324 et
659 1298 826 1336 praestare
850 1294 960 1325 volunt
983 1293 1061 1334 (fry.
1079 1294 1113 1333 1)

433 1349 489 1391 fol.
507 1352 554 1388 3⁰,
577 1351 607 1388 2,
620 1351 663 1381 23
721 1350 836 1381 Blosus
860 1350 891 1380 in
915 1349 1089 1380 Romulea:
1114 1347 1272 1390 Egregias
1296 1350 1421 1379 mentes
1446 1348 1544 1379 virtus
1568 1347 1710 1379 delectat
1733 1349 1764 1380 in
1788 1348 1880 1380 hoste
1899 1362 1938 1377 =
1954 1349 2009 1380 IX
2022 1348 2052 1382 5.

431 1405 491 1446 fol.
509 1408 555 1443 4',
578 1406 609 1445 2,
624 1407 665 1436 12
719 1405 836 1437 Blosus
860 1406 891 1436 in
916 1404 1092 1436 Romulea:
1118 1404 1182 1435 Dat
1206 1405 1304 1434 virtus
1330 1403 1481 1445 exempla
1504 1404 1596 1435 bonis
1620 1405 1792 1446 pravisque
1816 1404 1974 1446 pudorem

1112 1455 1271 1487 Debilitat
1295 1466 1374 1498 quos
1398 1456 1489 1497 lapsa
1513 1457 1631 1497 premit
1653 1457 1726 1496 (sic)
1745 1472 1783 1483 ==
1801 1456 1856 1487 IX
1876 1462 1905 1488 «δ’.
1931 1458 1959 1487 9.

433 1511 494 1553 fol.
510 1514 556 1551 δ’,
581 1514 665 1549 1,17
722 1512 838 1544 Blosus
862 1513 894 1544 in
917 1511 1092 1544 Romulea:

605 1564 670 1595 Sed
698 1564 774 1606 quid
799 1564 866 1595 fata
889 1567 963 1595 veto
989 1563 1066 1605 quid
1089 1564 1192 1595 flexos
1216 1563 1378 1604 (deletum)
1401 1563 1483 1594 fixos
1507 1573 1603 1595 arceo
1628 1574 1720 1594 casus

602 1626 674 1646 cum
697 1615 775 1646 nihil
801 1615 944 1646 adversis
967 1615 1068 1656 prosit
1091 1614 1263 1656 prudentia
1285 1615 1383 1656 signis
1400 1630 1439 1641 =
1465 1613 1555 1646 VIII
1575 1615 1707 1646 131—2.

387 1675 531 1715 primum
553 1675 652 1715 iyitur
671 1675 891 1715 fraymentum,
915 1674 997 1715 quod
1018 1684 1081 1706 esse
1100 1685 1134 1706 re
1149 1684 1223 1706 vera
1239 1673 1395 1706 Draconti
1417 1674 1511 1705 etiam
1533 1675 1707 1706 imitatione
1727 1674 1852 1706 Lucani
1873 1675 2055 1716 ostenditur,

391 1727 529 1768 pertinet
551 1727 595 1758 ad
616 1736 741 1758 carmen
763 1727 851 1758 nobis
874 1736 938 1758 non
960 1729 1125 1764 servatum,
1148 1726 1273 1766 reliqua
1295 1726 1335 1758 ab
1358 1725 1538 1758 lectionibus
1561 1727 1594 1757 in
1620 1726 1658 1758 N
1675 1727 1807 1759 servatis
1836 1737 1900 1758 non
1928 1727 1994 1758 nisi
2019 1727 2056 1758 in

395 1778 536 1810 minimis
558 1778 743 1820 (Debilitas,
768 1778 865 1819 lassa)
889 1778 1059 1816 discedunt,
1077 1780 1210 1818 possunt
1233 1778 1331 1818 igitur
1353 1788 1392 1809 esc
1419 1778 1486 1817 ipso
1510 1777 1662 1810 Bobiensi
1688 1780 1813 1819 sumpta
1843 1788 1915 1810 esse.
1959 1780 2054 1819 atque

395 1830 489 1862 etiam
516 1830 552 1861 id
576 1831 678 1870 ipsum
705 1830 787 1870 quod
813 1830 973 1869 florileyus
1005 1830 1123 1861 erravit
1151 1829 1255 1861 flexos
1276 1839 1338 1868 pro
1365 1829 1448 1861 fixos
1476 1829 1566 1861 nobis
1598 1830 1691 1869 quasi
1722 1832 1796 1862 ante
1830 1830 1932 1861 oculos
1961 1830 2053 1870 ponit

397 1881 527 1913 codicem
550 1883 702 1912 vetustum
724 1880 909 1912 minusculis
931 1881 1088 1920 seriptum,
1112 1882 1147 1911 in
1169 1890 1229 1920 quo
1251 1880 1273 1912 fi
1296 1881 1418 1912 litterae
1439 1881 1529 1912 solito
1552 1890 1634 1912 more
1660 1883 1751 1912 erant
1774 1881 1889 1922 ligatae
1916 1883 1951 1912 ut
1978 1891 2054 1913 sane

398 1934 561 1974 imperitus
578 1933 685 1972 primo
707 1933 814 1964 obtutu
835 1933 857 1963 fl
881 1933 977 1972 leyerc
994 1934 1107 1972 posset.

499 1985 643 2024 quisquis
665 1984 762 2025 iyitur
784 1984 915 2024 conleyz't
935 1984 1027 2022 flores
1049 1984 1120 2015 illos
1143 1983 1330 2014 Veronenses
1352 1983 1488 2014 volvebat
1502 1983 1633 2015 codicem
1649 1983 1870 2016 Romuleorum
1885 1984 2054 2016 auctiorem

397 2046 492 2076 quam
514 2036 645 2067 Merula
667 2036 787 2067 invenit
794 2046 804 2074 ;
826 2037 920 2066 antea
930 2035 953 2077 ι)
976 2036 1041 2066 iam
1063 2036 1191 2067 avulsae
1215 2037 1306 2066 erant
1327 2035 1412 2066 aliae
1428 2037 1539 2074 partes
1562 2035 1655 2072 duae,
1687 2036 1789 2067 altera
1815 2035 1950 2068 Orestem
1983 2045 2054 2068 con-

398 2088 508 2125 tinens,
531 2088 634 2118 altera
657 2087 764 2118 laudes
787 2086 1024 2118 lerasamundi
1043 2089 1071 2118 et
1093 2087 1237 2119 earmina
1259 2087 1297 2118 de
1316 2086 1472 2118 mensibus
1494 2089 1523 2118 et
1544 2087 1582 2118 de
1603 2087 1722 2127 oriyine
1744 2097 1898 2120 rosarum.

499 2140 591 2179 atque
613 2149 649 2170 ea
671 2138 794 2178 quidem
814 2147 893 2177 pars
915 2149 996 2178 quae
1020 2138 1138 2170 Orestis
1160 2138 1351 2178 trayoediam
1365 2138 1502 2176 habebat,
1527 2138 1627 2169 tribus
1647 2140 1802 2178 quantum
1823 2139 1937 2170 seimus
1952 2149 2053 2171 ezem-

391 2190 540 2230 plaribus
556 2192 735 2230 propayata
757 2190 855 2231 est²):
872 2190 979 2230 primo
998 2190 1123 2222 Gallico
1138 2200 1177 2222 ex
1198 2200 1257 2230 quo
1270 2190 1368 2228 fluceit
1381 2190 1424 2228 B,
1449 2191 1547 2222 altero
1563 2189 1687 2222 Danieo
1708 2192 1743 2221 ut
1765 2190 1896 2229 videtur,
1918 2190 2054 2223 eiusdem

146 2129 262 2156 ORES
267 2130 335 2156 TIS

90 2167 365 2195 TRAGOEDIA

502 2319 526 2352 l)
546 2327 602 2345 non
617 2320 685 2351 puto
704 2318 738 2343 ab
756 2318 813 2351 ipso
831 2317 973 2350 Bobiensi,
995 2317 1042 2343 sed
1061 2317 1094 2343 ab
1111 2318 1264 2351 antiquiore
1284 2318 1389 2350 codiee;
1416 2319 1510 2344 etenim
1534 2318 1598 2343 vitia
1622 2318 1652 2343 in
1669 2317 1764 2350 quibus
1785 2317 1884 2344 Orestis
1901 2318 2054 2352 tragoediae

397 2362 460 2388 libri
479 2363 504 2388 B
523 2365 547 2388 et
567 2362 591 2387 Α
610 2362 765 2394 concinunt,
780 2361 910 2394 pleraque
922 2360 1034 2386 redeunt
1052 2360 1089 2386 ad
1101 2361 1235 2394 exemplar
1254 2361 1414 2395 eisiyotliieis
1433 2361 1529 2388 litteris
1545 2361 1732 2394 perscriptum.
1830 2361 1856 2394 2)
1882 2369 1966 2394 neque
1984 2362 2054 2387 enim

397 2405 427 2431 de
444 2405 507 2431 aliis
525 2405 622 2431 certius
640 2403 742 2437 aliquid
765 2406 859 2429 notum
881 2405 926 2429 est.
966 2403 1074 2437 restiyia
1098 2403 1205 2436 quidem
1230 2403 1329 2430 adsunt
1348 2404 1465 2430 dum-um
1488 2403 1691 2437 ememplariunn
1712 2403 1743 2430 de
1765 2403 1848 2430 altero
1867 2403 1930 2430 haee
1948 2405 2053 2438 scripsit

397 2448 419 2474 1.
434 2448 513 2474 Lela
522 2447 619 2473 nelias
630 2447 677 2480 qui
690 2449 808 2472 mortuus
827 2448 864 2472 est
877 2454 902 2472 a.
916 2449 985 2478 1552,
996 2446 1027 2472 in
1040 2454 1116 2480 opere
1127 2446 1160 2473 de
1171 2447 1346 2480 scriptoribus
1359 2447 1531 2473 Britannicis
1544 2452 1565 2479 1,
1577 2450 1606 2473 13
1618 2446 1721 2479 (Oxoni
1734 2450 1835 2480 170911.
1851 2449 1943 2481 19sc1.).
1973 2448 2052 2475 annis

397 2491 500 2518 abhinc
523 2491 613 2517 tribus
635 2493 685 2517 aut
707 2499 739 2517 eo
762 2489 883 2524 amplius
901 2490 997 2522 (suerit
1013 2490 1069 2522 fere
1086 2492 1200 2524 a.1540)
1219 2490 1343 2517 auctioni
1367 2492 1491 2517 veterum
1510 2490 1643 2517 librorum
1662 2489 1795 2518 interfui.
1809 2510 1815 2516 .
1829 2511 1835 2516 .
1861 2489 1907 2517 hic
1927 2499 1978 2525 ego
1998 2499 2053 2518 non

398 2535 532 2562 carbones
557 2535 604 2561 sed
628 2535 772 2561 thesauros
794 2533 901 2566 inveni,
932 2541 1033 2568 nempe
1055 2533 1184 2565 Oresten,
1209 2534 1385 2568 tragoediam
1403 2534 1594 2567 antiquissimi
1617 2534 1665 2560 sed
1684 2533 1806 2561 auctoris
1825 2533 1961 2560 hactenus
1984 2533 2053 2560 mihi

398 2577 498 2604 incerti
517 2577 648 2607 nominis.
674 2585 728 2603 nou
752 2576 881 2603 iambicis
906 2575 1037 2607 senariis,
1066 2585 1162 2604 verum
1189 2577 1263 2610 quod
1291 2576 1472 2603 admiraberis
1502 2575 1671 2603 hexametris
1698 2575 1817 2603 heroicis
1845 2576 2053 2603 accuratissime

398 2621 544 2655 scriptam:
570 2619 729 2647 coniectura
753 2619 893 2652 (nimirum
916 2619 1000 2652 falsa)
1020 2621 1130 2646 tantum
1155 2621 1197 2646 est
1221 2628 1291 2653 opus
1314 2628 1330 2646 a
1351 2619 1504 2653 Pomponio
1523 2619 1649 2646 Secundo
1674 2621 1759 2653 poeta
1783 2619 1979 2653 couscriptum.
2020 2618 2053 2646 de

399 2664 448 2690 hoc
466 2663 552 2690 codice
570 2663 638 2688 nibil
656 2663 773 2695 amplius
791 2665 829 2688 est
847 2664 950 2688 notum.
988 2661 1020 2688 cle
1038 2662 1118 2687 altero
1136 2665 1207 2688 extat
1227 2662 1336 2695 epistola
1359 2662 1397 2688 M.
1412 2662 1519 2688 Antoni
1538 2662 1612 2688 Cocci
1631 2662 1794 2688 Sabellici
1811 2663 1922 2694 (mm‘tui
1940 2671 1964 2688 a.
1979 2662 2052 2694 1506)

399 2708 430 2732 in
448 2709 544 2740 quarto
569 2709 637 2732 tomo
661 2714 768 2739 operum
792 2705 940 2738 (Basileae,
965 2705 1023 2731 sine
1042 2706 1110 2730 anni
1128 2705 1301 2737 indicatione)
1324 2706 1394 2732 inter
1416 2706 1545 2739 epistulas
1569 2706 1630 2731 libri
1660 2705 1702 2732 VI
1706 2706 1713 2723 ¹'
1729 2714 1757 2738 ρ.
1775 2709 1827 2732 406
1851 2704 1886 2731 M.
1903 2705 2048 2738 Anto(ui0)

401 2749 530 2783 vergitio
548 2749 746 2783 Rhithymneo.
791 2747 859 2782 Legi
878 2756 932 2774 uno
952 2747 1054 2782 spiritu
1074 2748 1200 2775 Orestem
1219 2757 1301 2782 quem
1320 2748 1389 2774 mihi
1409 2748 1629 2783 cognoscendum
1647 2748 1761 2775 dedisti:
1789 2747 1834 2774 vix
1853 2747 1949 2775 credas
1967 2756 2053 2782 quam

403 2793 519 2820 ridicule
545 2801 588 2819 me
611 2801 644 2819 ea
668 2792 752 2819 lectio
776 2791 963 2825 suspenderit.
1005 2800 1068 2818 nam
1094 2791 1159 2818 dum
1182 2794 1261 2819 tuum
1286 2800 1385 2825 sequor
1408 2792 1597 2819 testimouium
1621 2801 1653 2819 ac
1677 2791 1880 2826 quodammodo
1903 2792 1930 2817 te
1953 2792 2050 2818 autore
