2106 3061
815 192 990 219 ROMVLEA
1003 194 1025 220 v
1678 205 1736 235 143

409 286 458 312 110
496 280 528 309 et
551 278 662 320 populi
686 278 892 310 Aeneadum:
918 283 1022 311 cotem
1046 282 1174 313 virtutis
1198 283 1390 315 habendam.

494 329 551 361 sed
575 340 616 360 ne
640 329 832 371 Troiugenis
857 341 915 372 per
939 334 1084 373 tempora
1108 334 1198 374 pigra
1222 335 1351 366 lacertis

495 384 656 423 torporem
680 392 745 423 pax
770 382 865 424 longa
888 382 991 422 daret,
1015 387 1089 425 post
1112 385 1199 416 victa
1221 387 1352 418 rebellis

493 437 525 466 et
549 436 740 475 consumpta
763 434 857 465 simul
880 434 980 465 iacuit
1005 439 1156 477 congesta
1180 437 1290 475 ruinis,

492 488 525 518 et
548 488 658 516 tamen
681 485 762 516 haec
787 489 943 517 renovata
966 486 1063 518 micat
1087 488 1202 529 quibus
1231 490 1348 521 occidit
1371 493 1478 524 armis.

408 546 455 572 115
493 538 574 569 haec
597 538 694 579 igitur
718 537 862 568 recidiva
889 538 974 579 viget
996 541 1069 580 post
1093 539 1187 571 busta
1210 551 1384 583 resurgens

492 589 666 621 Phoenicis
690 589 721 620 in
745 599 876 621 morem.
924 590 1024 621 virtus
1050 591 1222 623 clementia
1246 597 1386 634 patrum:

493 643 528 672 tu
552 641 644 672 testis
669 640 832 682 Carthago
857 651 968 672 manes
993 641 1093 673 invita
1117 643 1301 686 volensque.

144 744 376 776 EXOESSVS
493 744 578 786 quod
603 744 710 776 scelus
734 747 792 783 est,
817 745 963 776 iuvenis?
989 745 1092 777 socios
1116 747 1148 777 in
1171 747 1257 779 bella
1280 750 1379 780 tueris

495 799 528 828 et
552 797 637 827 cives
661 796 693 827 in
716 806 796 838 pace
820 799 939 828 necas?
964 797 1039 838 quid
1063 798 1131 829 fata
1154 799 1286 831 minaris

408 856 459 884 120
496 849 594 890 impia
618 848 838 890 supplicibus?
863 848 939 890 quid
961 849 1127 881 funestare
1151 851 1329 893 triumphos

494 899 662 931 contendis
686 903 761 941 post
784 900 869 931 bella
892 903 964 932 tuos
989 904 1021 932 et
1044 901 1184 933 luctibus
1209 903 1343 945 imples?

492 962 552 983 nec
575 951 680 993 pudor
704 954 753 983 est
776 952 921 983 variasse
945 953 1034 983 viro?
1059 952 1099 984 de
1123 954 1191 985 cive
1216 957 1384 996 tropaeum

492 1014 587 1035 nemo
610 1003 824 1045 triumphator
846 1004 952 1045 rapuit
976 1014 1035 1035 nec
1059 1005 1091 1036 in
1115 1005 1229 1037 arbore
1254 1007 1368 1038 cristas

492 1055 597 1087 erexit
621 1055 802 1097 quicunque
827 1056 915 1087 cruci
939 1056 1116 1098 suspendit.
1162 1057 1269 1098 imago

408 1114 457 1141 125
493 1110 602 1138 vestra
626 1110 722 1148 caput
745 1107 835 1147 civis,
859 1118 970 1139 manes
994 1112 1156 1139 mereatur
1179 1112 1211 1139 et
1233 1109 1385 1141 umbras?

491 1158 618 1190 virtutis
643 1161 768 1190 vestrae
793 1159 993 1190 circumdent
1017 1160 1132 1192 funera
1155 1164 1270 1192 testem

493 1213 526 1241 et
548 1210 640 1241 fortis
665 1210 837 1242 simulacra
860 1211 919 1242 viri
944 1212 1038 1243 civile
1062 1212 1199 1243 cadaver

491 1262 615 1304 polluat
638 1273 675 1293 ac
698 1265 808 1304 putres
833 1263 998 1294 effundant
1022 1273 1097 1294 ossa
1119 1264 1298 1295 medullas?

493 1314 624 1345 victoris
649 1314 746 1355 genio
771 1315 859 1346 sanie
885 1325 956 1345 cum
980 1314 1055 1346 tabe
1078 1315 1210 1346 litetur?

409 1373 457 1401 130
495 1376 615 1408 quaere
641 1365 858 1397 sacerdotem:
883 1366 994 1397 veniet
1017 1366 1155 1398 crudelis
1179 1367 1323 1398 Erictho.

491 1418 572 1449 haee
597 1420 647 1449 est
671 1420 746 1459 apta
770 1418 832 1448 tuis
857 1418 1002 1449 antistita
1026 1418 1152 1449 saevior
1176 1419 1248 1458 aris⁷

493 1479 576 1511 quae
600 1468 720 1500 calidas
744 1469 850 1510 rapiat
872 1469 968 1500 fibras
992 1469 1150 1510 pulmonis
1175 1470 1292 1508 anheli,

494 1520 626 1552 sorbeat
650 1523 798 1562 ereptum
822 1521 873 1552 vel
897 1521 1054 1552 morsibus
1078 1521 1133 1552 illa
1158 1523 1297 1553 cruentis

492 1573 544 1603 vel
568 1572 699 1603 vivente
724 1573 814 1603 iecur
837 1573 889 1603 vel
914 1583 976 1611 cor,
1001 1583 1073 1603 cum
1097 1573 1244 1614 palpitat,
1268 1573 1366 1605 intret

408 1632 456 1658 135
492 1623 644 1656 dentibus
669 1624 849 1663 obscaenis,
874 1624 983 1665 lingua
1006 1624 1169 1655 lambente
1193 1625 1337 1666 palatum

492 1676 649 1718 prostrati
674 1676 760 1708 civis,
807 1676 888 1707 haec
912 1676 975 1706 sint
999 1679 1055 1707 tua
1077 1686 1222 1716 munera,
1246 1676 1364 1708 victor?

492 1727 599 1759 hostia
622 1728 694 1758 talis
718 1731 781 1765 eat,
805 1727 878 1758 talis
903 1728 961 1759 tibi
984 1728 1115 1758 victima
1138 1729 1277 1769 pergat?

493 1780 534 1811 sit
557 1783 613 1811 tua
636 1780 790 1811 terribilis
814 1780 962 1811 Phalaris
986 1790 1045 1811 ceu
1069 1783 1181 1811 taurus
1204 1780 1334 1822 imago?

492 1831 632 1863 Taurica
656 1831 794 1862 crudelis
818 1831 904 1862 mitis
929 1834 1036 1862 tamen
1060 1842 1117 1862 ara
1139 1831 1264 1863 Dianae

407 1892 456 1919 140
492 1894 552 1915 nec
576 1883 700 1914 Busiris
724 1887 817 1915 atrox
840 1883 1021 1925 Aegyptius
1046 1883 1100 1914 ille
1125 1887 1285 1921 cruentus,

492 1935 581 1966 solus
606 1936 692 1966 enim
716 1946 774 1977 per
797 1935 919 1977 templa
943 1935 1038 1966 deum
1064 1935 1132 1966 sine
1157 1938 1257 1966 morte
1282 1935 1453 1976 propinqui

492 1998 584 2018 sacra
609 1987 800 2029 peregrinus
823 1988 967 2018 funestat
991 1990 1024 2018 et
1047 1986 1172 2018 advena
1194 1990 1328 2025 tanturn,

491 2039 636 2070 inlaesus
661 2049 735 2069 nam
760 2039 839 2069 civis
864 2041 944 2070 erat.
990 2042 1035 2078 tu,
1057 2039 1166 2077 victor,
1190 2039 1309 2080 inique,

494 2089 668 2121 Sardorum
693 2090 747 2131 qui
770 2101 862 2122 sacra
885 2091 1002 2132 probas
1027 2093 1059 2121 et
1081 2091 1210 2121 moenia
1231 2090 1344 2121 foedas

407 2150 455 2176 145
492 2142 581 2173 lauro
604 2142 709 2173 cincta
732 2145 797 2181 tua,
821 2143 936 2173 vestris
961 2145 1074 2173 ornata
1097 2142 1232 2172 coronis.

491 2194 598 2225 insula
622 2193 765 2225 delubris
789 2196 937 2225 natorum
962 2194 1044 2225 colla
1068 2193 1209 2231 secabat,

492 2247 623 2278 verticis
647 2246 733 2277 unde
758 2256 882 2277 comam
908 2256 984 2277 vera
1008 2246 1128 2288 pietate
1152 2248 1304 2287 parentes

204 2339 252 2364 117
271 2341 366 2365 invicta
384 2342 524 2373 valensque
542 2341 662 2366 Bahrens
735 2341 783 2366 119
802 2343 868 2366 facta
882 2341 1001 2366 Balcrens
1072 2340 1121 2366 124
1139 2344 1161 2365 et
1181 2340 1230 2365 125
1248 2341 1283 2364 sic
1302 2341 1328 2365 in
1341 2340 1378 2364 N:
1397 2341 1483 2365 Erexit
1495 2341 1642 2372 quicunqne
1662 2340 1736 2364 ciuis:

99 2385 505 2422 mffPPfffflqf‘ifflQflaunlvbt‘avssf
525 2385 658 2417 suspendit
676 2386 760 2417 imago
781 2384 783 2417 Ι
798 2385 914 2409 Virtutis.
951 2386 1042 2410 Vestra
1055 2384 1132 2415 (corr.
1146 2393 1176 2409 ea:
1188 2385 1285 2416 uestre)
1304 2388 1380 2416 caput
1398 2384 1462 2409 ciuis
1481 2392 1530 2415 eqs.
1604 2383 1651 2408 1⁸24
1669 2386 1737 2408 cruci

99 2435 225 2461 Biicheler
296 2435 343 2461 127
362 2438 393 2462 Et
410 2437 488 2469 portis
504 2437 536 2467 N,
553 2446 618 2462 corr.
632 2437 759 2462 Bt‘z'clzcler
829 2437 880 2462 130
897 2429 974 2463 er¹icto
991 2441 1013 2461 et
1030 2437 1058 2460 in
1075 2446 1153 2468 mary.
1173 2426 1265 2461 all'e'cto
1279 2436 1309 2459 N
1375 2435 1419 2460 131
1436 2437 1539 2460 amistia
1551 2436 1579 2459 N
1647 2436 1694 2461 134
1708 2438 1737 2461 de

98 2479 137 2503 vel
160 2487 192 2503 ex
220 2479 323 2504 vivente
348 2480 440 2511 Peiper
529 2479 577 2505 137
597 2485 686 2513 parcat
705 2481 736 2512 N,
756 2490 822 2505 corr,
836 2481 974 2512 Rosa-herm
997 2484 1096 2512 pactast
1115 2479 1166 2504 Leo
1259 2477 1307 2503 138
1326 2482 1464 2503 centaurus
1482 2479 1516 2509 N,
1534 2488 1600 2503 corr.
1614 2479 1738 2503 Biiclzeler

134 2521 182 2546 142
202 2523 314 2548 funestat
332 2528 357 2549 et
370 2523 457 2556 Dalm,
477 2524 589 2548 funestet
601 2524 630 2547 N
698 2523 746 2548 143
766 2532 821 2548 eras
835 2524 867 2555 N,
886 2533 952 2548 corr.
966 2523 1091 2547 But-hezer
1161 2523 1247 2553 inique
1265 2530 1291 2546 es
1310 2522 1430 2546 Bahreus
1501 2521 1548 2546 144
1568 2523 1627 2554 quid
1647 2522 1738 2553 Peiper

203 2609 251 2636 110
269 2609 302 2641 cf.
319 2608 371 2635 Cic.
385 2608 462 2635 acad.
472 2609 596 2641 priorum
615 2612 637 2639 2,
651 2612 695 2635 135
714 2608 884 2634 iracundiam
904 2607 1076 2634 fortitudinis
1102 2607 1181 2640 qnasi
1207 2608 1296 2633 cotem
1323 2615 1379 2632 esse
1403 2606 1544 2637 diceban&
1573 2606 1626 2632 ride
1651 2609 1737 2632 lamen

100 2668 131 2685 rw
148 2660 229 2686 Drac.
250 2660 286 2686 ad
303 2669 412 2686 manum
429 2660 549 2686 habuerit
570 2661 654 2694 ipsius
673 2660 802 2693 Scipionis
822 2660 937 2686 Nasicae
955 2659 985 2685 de
1006 2659 1165 2692 Gar-thamna
1184 2659 1293 2691 dictum,
1313 2659 1346 2690 cf.
1361 2658 1437 2696 ξ’(υν.
1452 2663 1472 2690 1,
1486 2662 1523 2690 31,
1540 2662 1554 2683 5
1638 2658 1683 2684 111
1703 2661 1737 2691 cf.

99 2711 172 2745 Sulp.
185 2715 233 2739 sat.
246 2716 278 2738 26
287 2720 338 2745 sqq.
436 2713 483 2739 118
510 2713 689 2739 EXCESSVS
707 2721 727 2738 v.
745 2712 836 2746 Quint.
859 2712 917 2737 inst.
931 2715 953 2744 3,
969 2715 990 2743 9,
1004 2715 1020 2737 4
1110 2711 1158 2737 123
1179 2710 1274 2736 Claml.
1295 2714 1318 2743 3,
1339 2714 1388 2736 346
1407 2710 1521 2737 hostiles
1540 2709 1684 2743 suspendit
1708 2709 1735 2734 in

100 2763 197 2791 arbore
221 2764 319 2790 cristas
408 2764 456 2791 132
482 2765 585 2791 Istwan.
607 2769 628 2797 1,
641 2768 691 2791 622
708 2764 847 2798 pulmonis
866 2763 958 2790 anheli
979 2763 1047 2788 fibra
1070 2763 1141 2788 latet
1230 2762 1278 2788 134
1297 2762 1340 2788 vel
1363 2761 1429 2787 illud
1447 2764 1510 2787 aute
1530 2761 1638 2788 vivente
1658 2760 1738 2794 (quod

100 2817 137 2842 est
160 2815 209 2843 abl.
227 2816 292 2849 abs.)
311 2824 366 2842 non
384 2816 516 2852 respondet
535 2815 638 2843 duobus
656 2816 724 2849 aliis,
744 2816 789 2843 sed
807 2819 842 2842 est
856 2824 907 2850 pro
925 2817 1009 2849 atque
1028 2815 1065 2845 id,
1085 2814 1169 2841 etiam
1258 2813 1306 2839 139
1327 2813 1357 2838 X
1375 2817 1420 2838 177
1435 2821 1455 2838 c.
1467 2816 1532 2839 ποια
