2106 3061
358 201 415 231 152
1072 192 1271 220 nimcoxrn

1134 324 1209 357 vll.

720 385 1070 419 EPITHALAMIVM
1107 384 1292 417 IOANNIS
1332 383 1388 415 ET
1424 380 1630 414 VITVLAE.

746 447 895 478 carminis
918 446 1011 478 Idnlii
1036 456 1185 489 cuperem
1211 455 1294 476 nunc
1319 444 1427 476 ebrius
1451 452 1525 474 esse

747 499 899 530 nobilium
925 498 1076 530 thalamis
1101 497 1236 529 Fabiani
1262 496 1428 537 sanguinis
1453 493 1560 526 index.

745 550 829 592 quod
854 550 930 582 inihi
955 551 980 581 si
1005 549 1081 581 felix
1105 548 1201 580 hodic
1225 548 1353 579 fortuna
1377 546 1532 584 dedisset,

744 613 806 634 non
832 602 1005 633 inhonorus
1029 611 1127 635 eram.
1152 599 1209 631 sed
1233 598 1327 630 laude
1353 597 1539 640 redemptus
1562 596 1695 633 adirem,

693 664 708 687 ε,
745 654 794 685 vel
819 656 982 685 recreatus
1007 662 1117 693 agens,
1142 651 1167 682 si
1192 661 1253 682 non
1277 653 1385 681 tamen
1409 649 1478 691 ipse
1502 651 1634 679 renatus

744 705 878 737 emerito
904 704 1048 736 reserens
1071 713 1246 745 generosas
1271 701 1401 743 auspice
1425 699 1550 740 laudes,

745 763 776 788 ct
800 757 931 788 Vitulae
956 766 1104 788 canerem
1130 754 1241 786 taedas
1267 764 1325 796 per
1348 756 1423 784 vota
1447 751 1591 784 Ioannis.

746 810 856 840 laurea
880 813 965 839 serta
989 807 1086 838 comis
1113 807 1254 848 religans
1278 808 1309 837 et
1333 808 1479 846 tempora
1502 806 1608 846 myrto

744 861 878 903 prodere
902 860 1054 902 gestirem
1079 859 1158 890 hacc
1183 868 1265 900 quae
1290 867 1374 888 nunc
1397 867 1456 898 per
1472 859 1546 887 vota
1570 858 1737 898 geruntur.

678 922 708 948 10
745 917 918 947 cantarem,
943 912 1017 953 quia
1043 910 1158 952 Cypris
1182 909 1284 948 adest,
1308 908 1395 939 bona
1417 911 1520 939 mater
1543 906 1700 938 Amorum

744 965 886 1005 (agmine
911 963 1064 994 mellifluo
1090 962 1211 993 ducens
1237 971 1295 992 sua
1319 969 1439 1002 pompa
1463 959 1597 990 choreas

744 1016 899 1058 impubes,
923 1015 1064 1046 lascivus
1089 1017 1192 1051 atrox,
1218 1012 1378 1043 violentus
1402 1020 1568 1049 amoenus,

743 1068 780 1098 lis
803 1068 892 1109 pacis
916 1066 1095 1107 tacitusque
1119 1065 1249 1106 loquax,
1274 1064 1324 1095 fur
1347 1063 1496 1105 garrulus
1521 1061 1639 1101 audax,

745 1119 847 1150 nudus
872 1122 904 1150 et
927 1122 1079 1156 armatus,
1103 1118 1191 1149 ferus
1216 1119 1249 1147 et
1272 1115 1354 1158 pius,
1378 1114 1543 1157 improbus
1567 1113 1692 1156 insons)

678 1180 706 1206 15
743 1174 774 1201 ot
798 1170 882 1212 quod
906 1170 1121 1208 amoriferum,
1145 1178 1252 1199 secum
1277 1167 1338 1198 huc
1362 1166 1494 1198 duxisse
1519 1167 1692 1198 volucrem.

744 1223 922 1264 vulgarem,
946 1221 1020 1263 quia
1043 1221 1109 1252 tela
1133 1220 1216 1261 gerit
1240 1218 1357 1261 quibus
1382 1222 1495 1250 auctor
1518 1217 1657 1250 Achillis

742 1275 857 1305 arserit
881 1272 1040 1304 Aeacides
1065 1271 1226 1313 nymphae
1252 1270 1394 1302 radiatus
1419 1280 1546 1306 amore;

743 1325 868 1367 spicula
891 1324 1058 1361 dixissem,
1082 1323 1200 1365 quibus
1224 1323 1302 1354 arsit
1325 1322 1442 1364 Apollo
1467 1321 1606 1354 disertus

743 1387 814 1408 cum
839 1379 966 1418 peteret
990 1375 1163 1417 Daphnen,
1187 1374 1287 1406 Liber
1310 1374 1426 1416 quibus
1451 1377 1580 1406 arserat
1602 1373 1714 1413 Indus,

674 1438 706 1464 20
743 1429 879 1460 candida
902 1428 1060 1459 Dictaeae
1085 1437 1156 1458 cum
1180 1430 1328 1458 cerneret
1351 1436 1406 1457 ora
1430 1426 1568 1468 puellae,

742 1481 790 1511 vel
815 1481 941 1522 quibus,
964 1480 1034 1522 ipse
1058 1480 1156 1519 furor,
1180 1477 1268 1510 Mars
1293 1481 1344 1510 est
1367 1488 1523 1510 accensus
1547 1489 1667 1517 amare,

744 1532 927 1563 Yesticolae
951 1533 1063 1563 niveos
1086 1533 1215 1573 peteret
1239 1541 1311 1562 cum
1335 1530 1467 1572 virginis
1491 1533 1590 1570 artus,

742 1588 777 1615 ut
801 1583 892 1615 daret
915 1587 1082 1615 aeternum
1104 1582 1251 1613 Romana
1275 1582 1308 1613 in
1333 1581 1442 1613 saecla
1465 1581 1634 1618 Quirinum

743 1640 775 1667 et
799 1639 871 1677 post
893 1635 960 1667 fata
984 1634 1062 1666 deos
1086 1634 1208 1666 faceret
1232 1644 1331 1676 super
1354 1637 1443 1665 astra
1467 1638 1627 1666 senatum.

673 1696 705 1721 25
744 1687 799 1718 sed
824 1687 898 1728 quia
922 1687 1048 1728 captivo
1074 1686 1122 1717 fas
1146 1696 1210 1717 non
1236 1689 1285 1717 est
1309 1685 1417 1718 dicere
1442 1697 1571 1718 carmen

741 1749 800 1770 nec
826 1739 962 1770 reticere
987 1738 1063 1769 licet
1086 1738 1202 1769 festivo
1226 1738 1257 1769 in
1282 1741 1426 1780 tempore
1449 1738 1525 1775 vati,

741 1791 802 1821 ista
827 1793 944 1821 canant
967 1790 1068 1831 pueri,
1092 1789 1168 1831 quia
1191 1789 1335 1821 carmine
1360 1800 1437 1821 vera
1460 1790 1648 1832 loquentur;

741 1842 907 1884 piausibus
932 1841 1088 1872 insultent
1112 1843 1144 1872 et
1168 1844 1323 1883 tympana
1345 1851 1443 1873 rauca
1466 1841 1594 1884 puellae

740 1894 921 1936 percutiant
943 1893 1068 1935 palmis,
1092 1892 1201 1935 digitis
1223 1893 1282 1924 sub
1307 1893 1461 1925 arundine
1485 1897 1600 1925 ventos

672 1955 706 1979 :30
741 1945 931 1987 dispensent
953 1944 1026 1976 hinc
1050 1944 1123 1975 inde
1147 1945 1248 1976 melos
1273 1945 1430 1986 perflante
1455 1945 1585 1977 flabello

740 2001 773 2028 et
796 1997 942 2038 quatiant
966 1996 1077 2028 dulces
1102 1996 1217 2028 Museo
1241 1997 1368 2038 pectine
1395 1996 1533 2028 chordas

741 2053 774 2080 et
798 2049 884 2080 vocis
908 2051 1038 2080 textura
1061 2051 1154 2080 sonet
1177 2048 1332 2090 nervique
1357 2049 1520 2091 loquaces.

742 2100 917 2142 Bybliades
942 2099 1064 2142 Satyris
1089 2101 1223 2142 iungant
1246 2100 1469 2143 Nymphisque
1494 2101 1702 2143 hymenaeos,

741 2156 772 2183 et
796 2151 943 2194 Dryades
967 2152 1086 2193 passim
1110 2153 1131 2193 †
1155 2151 1308 2183 cohibent
1331 2162 1389 2194 per
1412 2156 1505 2194 prata
1529 2152 1685 2195 Napaeis,

671 2212 704 2238 35
742 2203 886 2235 Orcadas
910 2203 1030 2235 Faunis
1054 2203 1188 2245 iungant
1212 2207 1244 2235 et
1267 2203 1390 2235 Naidas
1415 2215 1537 2244 omnes,

740 2260 773 2286 et
796 2255 933 2286 Bacchis
957 2255 1125 2297 copuletur
1148 2255 1250 2286 Amor
1273 2266 1332 2297 per
1355 2258 1462 2287 castra
1487 2256 1634 2293 Dionae;

742 2307 838 2338 saltet
864 2310 895 2338 et
919 2307 1095 2349 imparibus
1120 2306 1251 2338 calamis
1274 2307 1345 2339 Pan
1369 2308 1517 2350 corniger
1539 2308 1676 2348 intrans,

450 2419 464 2443 4
488 2428 544 2443 erne
575 2420 689 2444 [talu-ens
776 2420 871 2444 abirom
898 2420 928 2447 λ’,
954 2428 1020 2443 corr.
1042 2419 1164 2451 'A'ossbt'ry
1268 2419 1284 2443 ἴ)
1305 2420 1367 2445 Vei-e
1386 2425 1486 2445 creatus
1507 2420 1537 2451 N,
1561 2422 1669 2452 correxi,
1690 2423 1739 2446 Ver
1764 2426 1892 2447 recreatus
1913 2422 1993 2447 Duhn

383 2463 423 2485 wi
445 2471 492 2485 nnn
515 2462 545 2489 λ’,
565 2471 631 2486 corr.
646 2462 771 2486 Βία-Λεία-
860 2461 958 2486 11—14
975 2462 1137 2494 parenthesin
1159 2462 1236 2487 smmi
1319 2463 1351 2487 Π)
1370 2463 1438 2488 hune
1457 2464 1550 2489 dixisse
1570 2465 1602 2496 X,
1625 2465 1694 2490 hunc
1712 2465 1815 2491 duxisse
1836 2465 1922 2495 Duhn,
1942 2465 1993 2490 hue

350 2506 448 2528 nexi-,w
468 2504 585 2529 Halm-cns
681 2503 708 2528 17
730 2506 823 2529 Ass-vrit
851 2505 881 2535 X,
907 2506 1012 2529 Arse-rat
1030 2505 1109 2529 Dalm
1200 2505 1230 2529 19
1250 2506 1383 2538 Daphnem
1404 2506 1431 2530 A·
1515 2506 1549 2532 ‘20
1572 2512 1688 2533 cernemt
1706 2508 1736 2532 N
1817 2507 1849 2533 21
1870 2509 1940 2533 furor
1959 2508 1991 2538 N,

349 2553 417 2579 pau-r
443 2547 538 2579 ΙΙιιιψι1
566 2549 634 2571 ser-m
661 2547 777 2571 wilmus
854 2557 939 2572 amore
964 2548 1044 2572 1)qu
1140 2547 1173 2572 ‘24
1192 2553 1296 2573 senatus
1315 2548 1405 2580 (nom.)
1424 2549 1515 2581 opinor
1611 2549 1644 2575 ⁴27
1668 2551 1729 2583 quia
1749 2551 1781 2581 X,
1805 2552 1849 2584 qui
1867 2551 1992 2576 Baebelo»-

382 2591 415 2614 ’.ἐν
436 2596 525 2613 venius
547 2590 575 2619 λ’,
596 2599 661 2614 corr.
678 2590 807 2619 Itn'chclcr,
834 2591 906 2615 motis
938 2591 1053 2615 ltiihrcns
1141 2589 1173 2615 :34
1192 2596 1282 2616 coeant
1303 2591 1390 2622 Dalm,
1409 2593 1507 2618 socient
1525 2592 1662 2624 Bachelem
1683 2603 1719 2618 (ιη
1736 2594 1819 2619 coient
1837 2592 1882 2627 (cf.
1895 2603 1916 2619 υ.
1930 2593 1992 2626 GU?

382 2631 415 2654 35,
432 2641 518 2656 annues
540 2632 662 2655 naclnclcr
749 2633 782 2655 :5⁴5
807 2633 921 2665 capietur
941 2633 1018 2656 lmlm

449 2750 465 2775 4
489 2759 562 2776 cmm
588 2750 603 2777 i.
623 2751 735 2777 Vitulnm
827 2754 857 2779 15
884 2753 957 2786 quod
977 2753 1152 2780 anwriferum
1171 2755 1219 2779 tela
1239 2755 1275 2786 (v.
1291 2756 1341 2784 16»,
1359 2756 1393 2788 cs.
1410 2755 1472 2782 γαπ.
1487 2756 1560 2782 Forl.
1579 2764 1657 2782 carin.
1673 2760 1696 2790 6,
1711 2761 1731 2789 1,
1744 2759 1778 2783 37
1851 2756 1990 2784 volucrem

348 2801 431 2833 ipsum
455 2801 610 2833 Cupidinem
690 2804 723 2830 22
743 2804 837 2830 catull.
854 2808 893 2837 ἰ’-Ι,
907 2809 956 2831 :5⁶1
976 2804 1086 2831 nix-vos.
1098 2826 1120 2831 ..
1142 2805 1257 2839 virginis
1276 2808 1351 2833 arius
1431 2807 1464 2833 ‘25
1483 2808 1516 2839 cs.
1529 2807 1589 2834 VII
1602 2812 1643 2834 69.
1663 2811 1712 2834 106
1788 2808 1821 2835 27
1839 2808 1873 2840 cf.
1886 2807 1947 2835 VII
1959 2811 1990 2834 ⁶4
