2106 3061
782 161 956 188 ROMVLEA
978 163 996 189 Ι.
1018 164 1041 189 II
1668 170 1725 200 133

915 275 958 307 II.

761 334 928 366 INCIPIT
953 335 1113 368 HYLAS.

481 395 563 426 Fata
587 405 701 426 canam
724 395 815 437 pueri
838 395 1063 437 Nympharum
1086 406 1180 427 versa
1204 398 1311 428 calore

482 447 515 478 in
537 447 668 483 melius;
692 447 736 478 sic
760 447 856 478 Musa
879 458 1000 479 mones.
1047 448 1117 489 quis
1142 459 1236 479 casus
1260 449 1380 480 ademit

482 497 589 529 Alcidi
613 499 773 538 comitem,
798 499 943 530 solamen
968 499 1060 531 dulce
1084 500 1261 531 malorum?

568 549 696 581 fuderat
718 549 840 581 Idalius
865 551 987 591 gremio
1011 561 1045 582 se
1069 551 1152 582 forte
1175 552 1318 593 parentis

481 601 630 643 pinniger
654 604 686 632 et
710 601 826 633 collum
850 602 998 633 violentis
1023 603 1170 634 cinxerat
1192 603 1276 634 ulnis

481 653 592 684 oscula
614 663 695 695 pura
718 664 844 695 rogans.
890 657 996 685 mater
1021 654 1136 685 devota
1160 665 1310 685 coruscos

480 704 627 746 indulget
649 705 757 736 vultus
782 715 938 747 roseoque
963 708 1011 736 est
1036 716 1107 736 orsa
1130 706 1264 737 labello:

479 755 508 786 ‘o
532 756 641 787 mundi
665 755 813 796 domitor,
838 757 921 788 caeli
946 767 1084 798 quoque⁷
1109 758 1238 788 flamma
1261 758 1427 799 Tonantis,

478 818 598 839 numen
622 818 720 850 posco
744 811 845 847 tuum,
870 809 961 839 cuius
987 809 1046 840 sub
1071 809 1140 840 iure
1165 820 1294 850 vaporo,

410 868 442 895 10
476 870 535 901 per
558 863 613 890 tua
636 860 714 898 tela,
738 870 830 901 puer,
854 860 1001 891 fecundis
1026 861 1116 891 inlita
1140 861 1276 892 flammis

477 914 513 942 ut
537 911 593 943 des
619 911 773 943 effectum
799 912 881 942 votis
906 911 946 942 de
971 922 1057 943 more
1081 913 1234 953 parentis.

483 963 527 994 nil
550 963 640 1003 rude,
665 966 750 1001 nate,
775 974 892 1005 precor
915 974 974 994 nec
1000 964 1138 1005 supplex
1162 964 1307 1006 improba
1330 975 1441 1006 posco;

479 1014 580 1046 ardua
605 1025 668 1046 non
692 1015 803 1053 iubeo,
828 1016 973 1056 quamvis
998 1016 1099 1057 magis
1123 1016 1224 1046 ardua
1247 1017 1378 1047 vineas?

478 1067 532 1098 ille
556 1067 655 1098 refert
678 1067 790 1097 matris
815 1066 1018 1108 disrumpens
1045 1067 1143 1098 verba
1166 1068 1340 1109 precantis:

410 1128 442 1153 15
477 1117 607 1160 ‘magna
630 1119 716 1158 iube,
741 1128 805 1149 non
830 1129 909 1150 ausa
932 1119 1031 1160 prius,
1056 1119 1205 1150 sublimia
1228 1120 1355 1158 manda7

478 1181 495 1201 o
519 1170 678 1211 genetrix.
725 1181 786 1212 quo
811 1171 877 1201 tela
902 1181 998 1202 vocas
1023 1174 1078 1202 aut
1103 1171 1178 1212 quid
1203 1172 1285 1213 petis
1309 1172 1367 1210 uri7

478 1233 573 1264 quem
598 1222 706 1253 divum
729 1222 823 1253 modo
848 1222 930 1254 forte
955 1223 1047 1254 iubes
1072 1222 1279 1254 hominumve
1307 1224 1436 1264 (calere)
1448 1228 1460 1253 ‘t

477 1274 638 1316 exprime:
663 1274 854 1305 flammetur.
902 1274 979 1315 quid
1003 1274 1081 1305 fletu
1106 1275 1226 1305 lumina
1250 1275 1391 1316 tinguis?

477 1326 591 1363 audeo,
615 1326 642 1356 si
665 1326 775 1368 cupias
799 1327 903 1367 ipsum
927 1326 1092 1357 flammare
1117 1326 1297 1358 Tonantem

408 1385 441 1412 20
477 1381 509 1408 et
532 1377 694 1409 dominum
717 1378 799 1409 caeli
824 1377 906 1409 facie
931 1378 1050 1409 vestire
1073 1378 1198 1409 iuvenci

478 1429 677 1470 oblitumque
701 1429 767 1471 poli
790 1440 901 1461 rursus
926 1430 1050 1471 mugire
1075 1441 1133 1471 per
1158 1430 1275 1461 herbas

477 1481 660 1512 confessum
684 1492 743 1523 per
765 1484 857 1523 prata
880 1481 1011 1517 bovcm;
1038 1481 1131 1512 cadat
1155 1492 1272 1513 aureus
1298 1482 1410 1521 imber,

475 1532 605 1564 divitias
628 1536 663 1564 ut
687 1536 773 1564 tecta
796 1533 924 1574 pluant3
952 1533 993 1564 sit
1015 1533 1158 1564 fulminis
1182 1533 1250 1565 ales

476 1584 547 1626 ipse
571 1584 630 1624 sui,
655 1587 783 1626 satyrus
808 1595 928 1626 cycnus
951 1584 1090 1616 Latonia
1112 1595 1263 1626 serpens;

407 1644 440 1670 25
475 1636 667 1667 Alcmenam
691 1636 840 1677 galeatus
865 1639 960 1675 amet,
987 1647 1141 1667 mucrone
1166 1640 1314 1668 coruscet

477 1691 510 1719 et
529 1688 632 1730 clipeo
657 1688 810 1719 rutilante
836 1691 938 1728 tonet,
963 1688 1037 1719 dum
1062 1688 1154 1719 miles
1179 1688 1304 1720 adulter

476 1740 648 1781 coniungat
672 1743 784 1771 noctes
811 1740 976 1771 subtracta
999 1740 1070 1770 luce
1094 1739 1231 1771 dierum.

478 1791 505 1822 si
528 1791 638 1822 Pallas
663 1791 802 1833 placeat,
826 1795 949 1823 nostros
973 1792 1036 1822 iam
1059 1792 1176 1823 sentiet
1200 1792 1290 1833 ignes

475 1843 566 1885 virgo
590 1843 683 1875 ferox
707 1854 806 1875 sexu:
831 1844 934 1885 fugiet
957 1844 1107 1885 viresque
1132 1844 1251 1875 fatetur

430 609 445 634 0-1

185 1949 220 1975 tit.
240 1950 302 1974 Ylas
328 1953 351 1974 et
374 1948 410 1973 sic
435 1955 532 1979 semper
554 1947 585 1971 N
686 1947 698 1971 1
726 1948 805 1972 Facta
831 1947 861 1971 N
927 1948 1009 1972 colore
1034 1948 1066 1978 N,
1093 1956 1158 1973 corr.
1172 1947 1252 1972 Dalm
1357 1947 1372 1972 2
1395 1949 1415 1973 si
1436 1949 1467 1980 N,
1494 1958 1559 1974 corr.
1579 1951 1725 1982 Petschenig]

116 1992 132 2018 5
146 1993 256 2018 uolentis
272 1991 303 2023 N,
318 2001 385 2017 corr.
396 1991 523 2015 Britclteler
592 1988 608 2015 8
621 1991 720 2022 genitor
733 1999 800 2015 corr.
812 1991 836 2014 [n
850 1991 956 2015 domitor
966 1991 996 2014 N
1062 1990 1095 2016 10
1107 1999 1205 2015 rer-sum
1217 1991 1244 2015 in
1258 1995 1323 2015 tesxtu
1337 1992 1454 2016 omissum
1467 2001 1534 2017 mem.
1546 1996 1558 2017 1
1576 1994 1601 2017 ἱη
1611 1994 1726 2025 maryine

83 2035 222 2067 adscripsit
241 2039 263 2059 et
286 2035 357 2067 eiyno
377 2033 401 2066 'll
425 2042 470 2058 suo
490 2034 543 2058 loco
562 2033 682 2057 attribuit.
721 2033 747 2057 in
769 2033 882 2057 nmnerls
900 2034 1087 2065 maryinalibus
1105 2043 1157 2058 non
1175 2038 1350 2065 numeralium
1369 2035 1424 2059 item
1442 2035 1510 2059 11.ῦῦ
1599 2035 1628 2060 17
1648 2037 1725 2060 Immi-

81 2087 144 2103 num
163 2079 193 2103 de
235 2078 270 2102 sic
289 2077 327 2107 N;
353 2078 516 2102 hominumve
535 2077 627 2101 lacessi
646 2076 740 2107 Dalm
766 2077 850 2101 calere
875 2085 926 2109 eqo,
953 2078 1037 2109 peruri
1062 2077 1162 2108 Γσίῃεν,
1186 2077 1228 2108 qut
1252 2078 1335 2101 versui
1355 2077 1385 2101 16
1411 2086 1441 2102 ecc
1458 2078 1565 2110 Veryllio
1585 2079 1654 2103 <ledit
1672 2080 1725 2103 istis

116 2120 149 2146 22
162 2122 300 2146 Confessus
313 2120 346 2152 N,
365 2129 433 2145 corr.
446 2120 567 2144 Biihrens
648 2118 681 2144 23
700 2120 751 2144 sint
764 2119 796 2151 N,
816 2129 881 2144 corr.
896 2120 1022 2144 Bt'iclteter
1092 2119 1126 2144 24
1175 2121 1230 2152 Ipse
1249 2120 1275 2144 ui
1294 2120 1326 2151 N,
1346 2129 1413 2145 corr.
1426 2121 1551 2146 Bsielteler
1620 2121 1653 2147 ‘26
1667 2126 1725 2153 post

82 2164 153 2190 miles
173 2164 293 2196 distinqui
310 2164 363 2189 vult
381 2163 506 2195 Rossberq
593 2161 635 2187 28.
655 2161 687 2187 29
713 2166 798 2187 nostro
817 2163 832 2187 i.
853 2172 872 2187 s.
893 2163 952 2195 igne
972 2172 994 2187 v.
1014 2164 1029 2187 f.
1049 2171 1139 2187 sexum
1158 2162 1265 2187 Skutsch
1360 2162 1392 2187 29
1413 2165 1493 2188 sci-ox:
1522 2165 1610 2196 fugiet,
1636 2173 1724 2189 sexum

81 2208 201 2239 viresque
220 2208 238 2232 f.
250 2207 303 2232 Leo

185 2308 201 2334 2
222 2309 266 2334 Or.
280 2311 337 2335 met.
350 2313 374 2341 4,
389 2312 437 2334 142
455 2307 516 2342 quis
535 2309 563 2335 te
582 2308 651 2334 mihi
671 2317 749 2335 casus
768 2307 892 2335 ademit?
963 2308 978 2333 8
992 2316 1044 2341 sqq.
1064 2310 1097 2342 cs.
1113 2308 1186 2342 Verq.
1201 2308 1267 2334 Aen.
1283 2312 1302 2340 1,
1318 2312 1366 2333 664
1380 2316 1433 2341 sqq.
1453 2308 1497 2334 Or.
1510 2311 1567 2334 met.
1580 2313 1602 2341 5,
1614 2311 1661 2335 364
1673 2316 1725 2341 sqq.

81 2358 162 2385 Drac.
178 2360 209 2385 X
225 2363 275 2386 127
285 2369 337 2393 sqq.
450 2361 465 2387 9
490 2360 564 2394 Vcry.
583 2361 651 2387 Aen.
665 2366 686 2393 1,
702 2364 751 2387 666
774 2363 823 2387 tua
842 2360 955 2386 numina
975 2369 1058 2394 posco
1173 2361 1204 2387 10
1223 2360 1328 2385 anret.
1341 2364 1363 2392 5,
1377 2363 1439 2386 1094
1460 2360 1625 2385 caelestibus
1645 2360 1726 2386 inlita

82 2409 199 2437 flammis
270 2411 301 2438 12
320 2411 387 2438 Stat.
400 2412 465 2438 Ach.
480 2416 501 2445 1,
516 2416 564 2439 942
583 2412 664 2438 nimis
683 2412 811 2446 improba
831 2422 914 2446 posco
998 2413 1029 2439 14
1047 2413 1081 2444 cf.
1094 2412 1159 2439 Stat.
1173 2413 1228 2439 silv.
1243 2416 1263 2444 1,
1277 2417 1300 2445 2,
1316 2416 1360 2438 105
1443 2412 1473 2437 16
1492 2412 1564 2446 Ver-y.
1578 2413 1644 2438 Aen.
1658 2418 1679 2445 υ,
1693 2416 1724 2438 94

81 2471 97 2488 o
123 2462 262 2497 genetrix,
286 2472 340 2497 quo
366 2464 426 2490 fata
451 2472 544 2495 vocas,
571 2467 621 2491 aut
647 2464 715 2498 quid
741 2464 815 2498 petis
839 2464 917 2490 istis?
1015 2465 1045 2490 17
1065 2464 1132 2490 Stat.
1149 2464 1205 2490 silv.
1226 2468 1246 2496 J,
1265 2467 1331 2494 266
1359 2472 1558 2496 quemcumque
1585 2463 1725 2489 homiuum

82 2513 233 2548 divumque
247 2514 359 2547 dedisti,
380 2514 470 2541 uritur
539 2515 570 2542 21
591 2523 612 2542 v.
626 2515 682 2541 ind.
693 2516 740 2541 sub
758 2515 851 2549 mugio
922 2515 955 2541 22
978 2515 1080 2548 Coo-ipp.
1096 2516 1160 2541 lust.
1174 2520 1198 2547 4,
1213 2518 1241 2540 73
1260 2515 1340 2548 pluat
1354 2523 1452 2541 aureus
1465 2514 1552 2540 imber
1622 2514 1655 2540 223
1664 2517 1724 2547 post

82 2565 226 2600 Europam
244 2566 416 2600 Danaenque
442 2567 604 2594 denotantur
626 2567 792 2602 Ganymedes
814 2569 864 2600 (an
883 2567 983 2593 Asterie
991 2566 1016 2600 ,9)
1035 2567 1154 2600 Antiopa
1174 2567 1250 2592 Leda
1271 2566 1378 2592 Callisto
1403 2566 1579 2599 Proserpina,
1604 2566 1636 2597 cs.
1651 2569 1724 2591 cata-

81 2617 167 2651 loqum
190 2618 267 2644 Ovidi
285 2621 343 2645 met.
356 2622 379 2651 6,
395 2622 508 2646 103—14
594 2620 627 2647 29
645 2621 679 2652 ef.
693 2620 759 2646 Stat.
777 2620 854 2646 Theb.
868 2624 905 2652 12,
922 2624 969 2646 529
987 2620 1133 2645 Amasene-3
1156 2619 1275 2645 nondum
1295 2618 1421 2652 trepidae
1445 2627 1573 2644 sexumve
1593 2619 1723 2651 (sexuque

82 2668 159 2702 Put.)
185 2669 316 2697 fatentur.
353 2670 449 2697 Claud.
463 2675 499 2704 11,
513 2674 546 2697 33
565 2671 674 2705 peltata
693 2681 801 2706 pugnas
820 2671 957 2699 desereret
981 2671 1077 2697 cohors
1096 2680 1161 2698 sexu
1180 2672 1302 2704 recepto.
1338 2670 1443 2696 Lucan.
1460 2674 1483 2703 ὃ,
1496 2674 1543 2695 527
1566 2668 1655 2695 metiri
1675 2678 1724 2695 sna

81 2727 168 2754 regna
187 2720 266 2748 decet
285 2721 412 2755 viresque
430 2721 513 2749 fateri
584 2723 675 2748 sentiet
693 2731 804 2749 amorem
822 2731 848 2749 sc
860 2723 1029 2757 aqnoscendo
1041 2723 1170 2754 feminam
1240 2722 1344 2748 fatetur
1362 2721 1484 2753 futurum
1505 2720 1611 2752 ridetur,
1632 2728 1650 2745 r.
1668 2719 1722 2746 incl.

80 2770 129 2796 sub
146 2771 317 2806 ‘coniuyatio'
391 2773 425 2805 cf.
441 2772 641 2801 GFWMic'ller
658 2775 688 2800 in
709 2774 901 2801 Friecllc‘tmleri
919 2774 979 2801 Imm
998 2774 1034 2800 acl
1052 2778 1075 2807 ⁶2,
1089 2778 1122 2801 39
