2106 3061
717 169 884 197 CARMINA
905 170 1065 198 le-XV
1643 182 1704 210 245

514 256 560 296 (te
586 255 655 286 sine
678 267 772 288 nemo
796 258 883 289 valet
906 260 1031 300 peccati
1055 260 1167 290 tollere
1191 260 1296 291 labem

557 310 612 338 aut
635 311 775 339 mentem
798 309 884 340 vitiis
909 311 1090 341 emaculare
1115 310 1211 351 suis):

446 367 478 393 75
514 358 638 390 dimitte
662 360 790 401 culpam
814 360 941 401 misero,
967 361 1089 392 dimitte
1114 366 1247 400 reatum,

556 410 650 441 effice
674 414 748 452 post
770 411 905 452 lapsum,
930 416 1002 454 post
1024 413 1109 444 mala
1132 416 1223 445 tanta
1246 414 1373 447 bonum.

513 472 620 503 parce,
644 472 766 503 precor,
790 463 917 494 animae
941 464 1091 505 pulsanti,
1115 475 1211 505 parce
1235 467 1368 506 petenti,

556 524 639 554 quae
663 513 808 545 flammas
832 515 956 553 metuit,
980 515 1055 546 dum
1080 526 1137 546 sua
1160 516 1245 547 faeta
1269 518 1377 557 gemit.

513 564 633 605 gaudia
656 567 690 596 tu
714 566 843 603 sanctis,
868 569 901 597 tu
925 566 1033 597 reddis
1057 567 1201 608 praemia
1224 568 1326 607 iustis,

444 623 478 650 80
557 615 697 657 Eugenii
722 617 833 648 miseri
857 618 898 648 sit
920 628 998 659 rogo
1021 629 1127 660 poena
1150 619 1240 650 levis.

597 718 703 751 Nosse
727 720 921 762 quicumque
946 721 1036 762 cupis
1061 724 1116 752 aut
1139 722 1285 763 requiris,

598 781 680 812 quae
704 771 768 802 mei
793 782 892 802 causa
915 772 1012 803 fuerit
1035 772 1165 810 laboris,

600 822 694 853 huius
718 825 753 853 ut
776 823 861 854 vitae
885 823 970 854 mala
992 823 1187 862 funerarem⁷

684 874 772 905 disce
795 873 944 916 benigne.

442 932 475 959 85
598 925 672 956 dum
697 925 915 967 quaterdenos
941 925 1035 957 simul
1059 929 1089 956 et
1113 936 1254 957 novenos

597 977 663 1008 vita
686 987 750 1008 non
774 977 854 1008 felix
877 977 1016 1019 agitaret
1039 988 1140 1008 annos

599 1027 738 1070 dumque
762 1039 813 1060 me
837 1029 929 1070 pigra
952 1031 1079 1071 peteret
1103 1032 1253 1060 senectus

682 1083 837 1122 praepete
862 1091 967 1119 cursu,

598 1132 716 1163 accidit
738 1133 825 1164 lasso
850 1132 959 1174 gravis
983 1132 1161 1174 aegritudo,

442 1192 476 1218 90
598 1194 680 1225 quae
705 1184 791 1215 ferae
815 1184 928 1216 mortis
951 1184 1115 1215 minitaret
1139 1184 1235 1215 ictum

598 1246 635 1267 ac
659 1235 712 1267 diu
736 1236 823 1267 fessa
848 1236 1006 1268 cruciaret
1030 1236 1095 1267 aeri

684 1288 829 1319 membra
852 1287 974 1319 dolore.

597 1339 697 1371 febris
721 1340 846 1371 incerta
869 1339 1054 1371 terebrabat
1078 1350 1161 1377 ossa,

599 1391 754 1432 languida
777 1391 897 1422 morbis
922 1401 995 1422 caro
1021 1391 1196 1429 defluebat⁷

442 1451 475 1477 95
596 1443 684 1474 nulla
708 1445 893 1484 quassatum
919 1443 1088 1474 recreabat
1112 1453 1196 1481 esca,

682 1495 768 1536 potio
791 1495 891 1525 nulla.

597 1549 687 1577 tanta
711 1557 762 1578 me
787 1546 898 1577 crebro
925 1546 1009 1577 mala
1033 1545 1107 1576 dum
1132 1546 1276 1585 ferirent,

597 1599 709 1629 mortis
735 1597 914 1629 horrendae
938 1597 1083 1639 trepidus
1107 1608 1225 1639 pavore

598 1650 728 1681 labilem
754 1660 881 1680 cursum
905 1650 1056 1690 fugientis
1081 1650 1151 1680 aevi

426 1710 475 1736 100
684 1702 825 1732 carmine
850 1702 970 1743 planxi.

67 1887 120 1931 (2)
407 1886 484 1922 XV.
526 1884 638 1920 ITEM
666 1883 1002 1919 TETRASTICHA
1032 1882 1078 1917 IN
1107 1881 1369 1917 SENECTAM.

512 1968 609 1999 Nulla
632 1968 718 1998 bona
742 1970 898 2008 grataque
924 1967 1034 1997 senilis
1060 1966 1190 1997 devehit
1213 1969 1314 2005 aetas,

555 2020 612 2051 sed
636 2019 717 2050 dura
741 2022 876 2060 generat
900 2018 1031 2059 diraque
1057 2020 1171 2048 cuneta
1195 2021 1296 2059 parat.

511 2072 572 2104 hoc
597 2072 700 2102 solum
725 2073 870 2112 praestat
894 2070 1044 2100 miseram
1070 2069 1216 2110 tetigisse
1242 2072 1415 2107 senectam,

553 2123 639 2165 quod
662 2123 775 2153 luxum
800 2122 903 2153 carnis
928 2122 991 2152 iam
1016 2132 1090 2152 caro
1115 2121 1202 2152 fessa
1226 2123 1328 2151 cavet.

167 2263 198 2289 77
217 2265 318 2298 petendi
338 2264 371 2288 M
454 2262 486 2288 79
504 2267 533 2288 tu
556 2263 615 2288 retis
635 2262 667 2286 M
733 2263 842 2287 alterum
861 2265 888 2285 tu
908 2269 955 2286 om.
976 2260 1016 2284 F¹
1113 2258 1146 2284 80
1168 2259 1275 2291 Engenii
1300 2259 1384 2283 miseri
1410 2257 1484 2282 AFP
1506 2257 1572 2287 edd„
1590 2256 1705 2288 Eugenio

67 2308 158 2333 misero
179 2308 211 2333 M
283 2308 314 2333 81
329 2316 382 2340 sqq.
401 2307 538 2339 sapph'icae
557 2306 676 2338 strophae
695 2306 721 2330 in
740 2307 764 2329 Λ
784 2305 848 2329 binis
865 2305 977 2329 versibus
995 2303 1181 2328 distribuuntur
1266 2301 1299 2326 83
1318 2302 1372 2326 uita
1392 2303 1415 2324 Λ
1503 2299 1536 2324 89
1554 2300 1659 2324 Accedit
1678 2298 1706 2321 ΔΙΙ

103 2351 136 2376 90
155 2353 207 2377 sere
225 2351 279 2375 AM
290 2351 347 2376 edd.
418 2351 516 2375 uictum
536 2349 576 2374 F¹
655 2349 686 2373 91
707 2349 763 2380 agri
784 2351 806 2371 Α
895 2347 927 2371 94
947 2348 1034 2371 mortis
1053 2347 1110 2371 edd.
1197 2345 1229 2370 97
1249 2346 1340 2369 abhinc
1360 2345 1441 2377 clerici!
1462 2347 1484 2367 Α
1556 2344 1640 2368 serii-et
1661 2342 1703 2365 Μ’

100 2394 133 2419 98
151 2403 246 2427 pauore
265 2403 366 2419 erasum
385 2394 412 2418 in
425 2394 459 2417 Ill
529 2392 562 2418 99
580 2393 684 2417 lauilem
704 2392 780 2416 erasit
798 2395 819 2415 et
838 2391 990 2415 lacrimabili
1009 2389 1132 2413 substituit
1150 2398 1218 2413 man.
1232 2397 1295 2412 saec.
1310 2388 1372 2412 XII
1389 2388 1414 2412 in
1429 2388 1459 2411 M
1527 2394 1629 2411 currum
1648 2385 1704 2409 edd.

101 2436 151 2462 100
169 2438 256 2471 planxi
276 2438 312 2469 All,
331 2438 425 2470 promsi
445 2437 500 2467 FP,
519 2436 629 2469 prompsi
648 2435 705 2460 edel.

169 2504 240 2538 [XV]
289 2506 318 2530 M
337 2507 373 2531 bis
391 2506 451 2538 (Ma
468 2506 515 2538 fol.
529 2507 567 2536 53,
587 2503 635 2528 Alb
653 2504 700 2536 sol.
715 2506 772 2534 67V,
791 2503 831 2527 hic
848 2511 869 2526 ν.
884 2503 956 2526 1-·2
979 2501 1036 2531 soli)
1134 2499 1146 2524 1
1171 2498 1281 2531 ΝΝΝυΙΙει
1300 2498 1348 2522 Mb
1423 2506 1472 2530 quq·
1499 2498 1535 2526 Μ,
1559 2505 1625 2528 quae
1648 2496 1703 2519 edd.

99 2547 115 2573 2
133 2549 246 2580 duraque
264 2549 321 2574 edd.
409 2548 425 2574 3
443 2549 559 2581 attigisse
577 2548 634 2572 edd.

168 2676 201 2703 79
226 2676 331 2702 Ιτιυεφισ.
351 2680 375 2708 -1,
391 2678 441 2702 303
464 2675 570 2701 meritis
590 2683 639 2701 sua
658 2673 781 2708 praemia
800 2673 896 2698 reddet
