2106 3061
387 117 420 143 ΙΙ.
450 117 497 143 DE
516 117 705 143 DRACONTI
724 117 949 144 CARMINIBVS
970 119 1159 145 CODICIBVS
1178 120 1419 148 EDITIONIBVS.
1671 123 1724 150 VII

80 203 227 244 quomodo
250 202 325 235 libri
346 202 441 233 divisi
456 201 582 243 fuerint
597 203 780 242 quandoque
800 203 875 234 editi
890 203 1041 235 incertum
1064 207 1117 235 cst.
1162 207 1277 237 certum
1299 208 1401 237 autem
1421 209 1495 246 puto
1511 209 1724 248 maqnisonam

80 257 170 288 illam
185 254 418 295 inscriptionem
439 252 616 284 ‘Romulea’
637 263 700 284 non
716 254 892 285 inditur-um
910 254 1013 294 fuisse
1036 256 1100 285 nisi
1123 266 1191 286 eum
1215 257 1269 295 qui
1286 258 1361 296 plus
1378 269 1469 297 quam
1485 269 1583 290 unum
1599 269 1726 299 eumque

74 317 212 347 parvum
220 307 373 345 paratum
388 304 532 335 habuerit
549 304 695 336 libellum.
733 306 824 343 atque
846 306 939 336 etiam
961 306 990 336 si
1012 305 1122 337 obicies
1142 307 1327 347 florileqium
1350 308 1521 341 Veronense
1535 320 1597 341 non
1612 310 1726 348 afferre

80 367 187 389 versus
209 357 274 387 nisi
295 366 334 387 ex
356 355 548 386 carminibus
579 355 667 386 VIII
689 357 717 386 et
737 355 795 386 IX
812 366 908 395 neque
930 356 1027 396 igitur
1043 359 1182 388 constare
1199 358 1291 389 ctiam
1310 360 1422 398 priora
1441 360 1543 400 faisse
1565 361 1621 391 sub
1637 361 1726 391 titulo

81 409 310 444 Romuleorum,
326 406 509 446 respondebo
520 405 656 447 facilius
668 407 793 437 titulum
803 406 978 438 ‘Romulea‘
986 408 1124 446 potuisse
1134 409 1241 447 perire
1257 410 1291 440 in
1307 410 1398 441 initio
1410 411 1521 442 codicis
1536 421 1628 450 quam
1643 412 1726 442 inter

88 460 159 491 VII
169 461 196 490 et
215 458 305 490 VIII
323 467 455 489 carmen.
498 456 555 487 ‘at'
577 457 700 496 inquies
722 457 846 497 ‘leqitur
867 460 939 489 ante
962 458 1062 490 VIII:
1093 458 1260 491 Dracontii
1284 471 1363 501 opus
1387 461 1426 492 de
1450 465 1544 502 raptu
1566 462 1724 498 Helenae,

80 511 241 550 vestiyium
252 509 392 551 fortasse
407 509 556 548 antiquae
572 508 722 539 librorum
740 508 925 540 divisionis³.
970 509 1151 548 respondeo:
1180 513 1213 541 at
1235 511 1327 542 ctiam
1341 514 1413 542 ante
1429 522 1552 543 carmen
1567 512 1602 543 X
1616 513 1728 553 leyitur

80 563 116 593 in
131 562 178 593 N:
203 561 370 592 Dracontii
386 559 514 600 Medea,
537 569 616 599 quae
631 559 849 598 inscriptiones
858 560 1017 599 profectae
1033 563 1106 591 sunt
1121 571 1142 592 a
1158 561 1288 593 librario
1303 563 1419 594 saeculi
1437 563 1472 593 X
1478 563 1512 593 Vs
1535 564 1588 602 qui
1603 564 1727 595 cavebat

80 624 119 645 ne
142 613 216 644 liaeo
238 612 318 651 folia
340 622 408 643 cum
430 611 562 642 alterius
585 611 696 642 codicis
718 611 930 642 miscerentur.

183 665 277 704 finem
296 663 394 704 facio,
418 672 456 693 ne
478 662 662 693 hariolandi
681 664 758 702 fiam
780 672 861 693 reus.
907 662 961 694 lioe
988 665 1102 701 statuo,
1130 663 1338 695 Dracontium
1365 666 1393 695 et
1414 667 1485 696 ante
1518 668 1545 696 et
1562 668 1634 706 post
1655 676 1727 705 cap-

82 716 232 747 tivitatem
256 715 369 756 fecisse
393 714 647 755 fautoribusque,
675 714 786 753 quiqui
811 713 946 754 fuerunt
978 715 1040 746 sive
1068 715 1186 746 nobiles
1213 716 1276 746 sive
1303 716 1450 756 maqister
1481 717 1543 748 sive
1571 718 1635 756 ipse
1662 728 1726 754 rex,

82 767 204 798 misisse
231 766 374 798 carmina
396 765 486 797 illius
506 765 642 805 yeneris,
671 765 753 804 quod
770 767 842 805 post
864 776 931 796 cuni
954 768 1022 797 erat
1044 767 1150 797 omnia
1168 769 1294 806 praeter
1317 767 1490 798 christiana
1514 768 1728 807 complemur-us

80 818 259 858 appellabat
269 816 455 854 ‘Romulea³‚
470 816 601 847 edidisse
617 818 719 847 autem
729 816 783 847 lioc
794 827 904 856 corpus
915 819 987 856 post
998 817 1173 848 christiana
1187 818 1304 849 demum
1317 819 1465 858 reqnante
1481 818 1728 850 Thrasamundo.

183 870 358 902 christiana
390 878 460 900 vero
487 868 632 899 carmina
662 869 727 900 iam
758 868 898 900 discimus
927 869 1013 908 facta
1046 879 1108 900 esse
1136 879 1157 899 a
1180 871 1273 907 poeta
1306 868 1381 899 dum
1416 872 1501 900 esset
1534 870 1566 900 in
1596 869 1728 900 vinculis
1767 887 1797 912 de
1814 887 1923 913 editione

81 922 212 963 (subscr.
228 922 311 958 sat).
348 922 439 960 atque
454 921 586 959 apparet
600 919 846 961 satisfactionem
862 921 989 951 missam
1011 930 1074 951 esse
1096 920 1139 951 ad
1159 930 1259 960 reqem
1281 930 1301 950 a
1324 930 1383 959 quo
1399 920 1569 952 libertatem
1584 921 1729 960 sperabat
1755 922 1944 961 satisfactionis·

82 973 234 1012 captivus.
273 981 398 1003 carmen
420 972 523 1002 maius
535 971 558 1011 ¹)
582 980 738 1010 nusquam
761 971 942 1011 adloquitur
965 981 1072 1011 reqem,
1096 981 1165 1011 erqo
1187 980 1250 1001 non
1272 971 1316 1001 ad
1337 982 1405 1002 eum
1428 973 1471 1001 est
1493 971 1609 1002 (lcitum.
1648 972 1729 1011 quod
1737 959 1760 980 εἰ
1778 956 1884 981 laudum
1902 956 1951 982 dez.

75 1024 231 1063 probatur
259 1023 351 1054 etiam
382 1032 419 1054 ea
452 1032 485 1053 re
511 1022 593 1062 quod
618 1023 648 1060 2,
670 1024 732 1052 100
750 1033 814 1062 sqq.
838 1022 987 1064 acriter-²)
1019 1022 1198 1053 Arrianam
1231 1022 1375 1053 haeresin
1408 1023 1591 1054 condemnat
1622 1025 1729 1061 μυρία,-

82 1075 158 1107 adeo
183 1074 286 1106 invehi
308 1075 343 1105 in
364 1074 457 1114 fidem
479 1074 545 1114 reqi
575 1076 729 1113 acceptam
744 1074 850 1113 potuit
865 1075 976 1113 postea
998 1074 1186 1113 Fulyentius
1215 1083 1283 1105 cum
1311 1084 1379 1113 reqc
1401 1074 1522 1105 iubente
1544 1073 1639 1104 Arrii
1661 1073 1729 1104 doe-

83 1127 200 1158 trinam
222 1125 377 1167 refutaret
398 1124 502 1166 fretus
520 1124 633 1166 favore
652 1125 899 1162 Thrasamundi,
930 1135 994 1156 non
1017 1125 1124 1164 potuit
1145 1124 1340 1156 Dracontius
1366 1125 1421 1165 qui
1447 1126 1510 1156 iam
1533 1127 1732 1156 contraxerat

83 1179 120 1209 in
150 1187 180 1209 se
202 1178 283 1218 reqis
305 1177 398 1208 iram.
449 1178 556 1208 contra
585 1177 620 1207 in
649 1176 864 1215 satisfactione
887 1176 956 1207 licet
983 1178 1028 1207 ter
1050 1176 1086 1207 de
1112 1176 1234 1207 Christo
1255 1178 1376 1216 ayatur,
1399 1176 1521 1207 nullum
1545 1177 1588 1206 est
1610 1176 1731 1207 verbum

84 1229 167 1269 quod
199 1229 377 1260 Arrianum
409 1228 544 1267 potuerit
576 1227 736 1266 offendere.
798 1222 960 1268 regnantis
993 1228 1091 1267 iqitur
1127 1227 1381 1264 Guntlzamundi,
1414 1227 1470 1266 qui
1502 1227 1566 1266 ipse
1589 1227 1733 1258 manebat

85 1281 251 1312 Arrianus
265 1282 293 1311 et
309 1282 411 1311 tamen
421 1279 604 1319 procedente
619 1289 712 1319 reqno
727 1280 827 1319 maqis
843 1279 1001 1319 magisque
1016 1279 1174 1310 catholicis
1195 1279 1223 1309 si
1239 1288 1302 1310 non
1315 1278 1445 1320 favebat
1460 1280 1493 1309 at
1508 1278 1730 1318 indulqebat3),

84 1331 329 1373 satisfactionem
357 1331 423 1361 veri
452 1330 588 1362 similius
616 1332 661 1361 est
686 1330 805 1371 referre
833 1331 868 1360 in
895 1340 996 1361 annos
1019 1330 1194 1370 prior-0254),
1225 1332 1286 1361 tres
1308 1330 1438 1361 maioris
1460 1330 1610 1361 carminis
1637 1330 1731 1361 libros

78 1385 195 1423 putare
216 1392 280 1413 non
301 1392 365 1413 esse
387 1382 574 1421 compositos,
597 1382 709 1413 nedum
731 1382 826 1413 editos
848 1382 913 1413 nisi
931 1381 1164 1421 posterioribus

185 1434 222 1465 de
245 1433 462 1474 satisfactione
485 1435 587 1464 autem
609 1433 724 1463 certius
746 1433 856 1472 opinor
871 1442 965 1472 posse
988 1433 1072 1464 sci-ri.
1117 1432 1192 1463 dicit
1210 1433 1304 1471 poeta
1327 1442 1354 1462 r.
1370 1433 1435 1462 213
1741 1441 1771 1465 de
1790 1441 1972 1473 satisfactionis

496 1493 630 1524 contulit
653 1493 779 1524 absenti
802 1496 908 1524 terrae
932 1493 1105 1534 pelagique
1130 1491 1320 1533 triumphos:
1799 1479 1915 1507 ‘emme'

564 1545 677 1576 Ansila
700 1547 847 1584 testatur,
871 1544 1001 1576 Maurus
1023 1544 1143 1585 ubique
1167 1544 1252 1574 iacet

83 1616 162 1646 quae
182 1616 239 1645 per
255 1605 425 1637 cliiasmum
448 1615 536 1644 quem
553 1605 661 1636 dicunt
676 1605 883 1645 intelleqcnda
905 1615 968 1636 esse
982 1606 1094 1645 aqique
1116 1604 1153 1635 de
1167 1603 1301 1634 Ansilae
1316 1602 1402 1633 clade
1418 1601 1578 1632 maritima
1593 1604 1734 1643 apertum

82 1659 127 1689 est
135 1657 170 1699 ⁵).
217 1657 307 1696 atqui
329 1667 367 1688 ex
386 1656 568 1688 Cassiodoro
591 1656 710 1697 (chron.
727 1657 802 1688 min.
821 1656 864 1687 II
878 1667 912 1695 p.
930 1656 1002 1693 159,
1025 1657 1110 1686 1327
1138 1654 1179 1695 cf.
1195 1654 1320 1685 Ennod.
1332 1663 1445 1693 paneq.
1465 1653 1610 1684 Theoder.
1628 1655 1676 1691 13,
1694 1655 1733 1684 70

76 1719 112 1748 p.
124 1710 198 1747 280,
209 1710 251 1739 13
263 1707 322 1750 H.)
338 1709 478 1739 novimus
493 1718 523 1739 a.
534 1708 597 1738 491
617 1708 773 1739 Vandalos
788 1710 904 1739 coactos
919 1717 981 1739 esse
997 1707 1098 1738 cedere
1111 1706 1232 1743 Sicilia,
1249 1715 1341 1745 quam
1357 1704 1475 1735 annuis
1489 1705 1735 1743 expeditionibus

82 1762 205 1791 vastare
226 1761 400 1791 sueverant.
439 1759 590 1790 Ansilam
612 1761 714 1790 autem
733 1758 837 1800 fuisse
855 1758 998 1796 Gothum,
1023 1758 1155 1798 leqatum
1174 1756 1363 1794 Theoderici,
1385 1756 1487 1795 ipsum
1510 1757 1592 1787 docet
1613 1766 1732 1787 nomen.

83 1821 151 1842 eum
174 1811 324 1842 devictum
346 1820 409 1842 esse
431 1821 451 1841 a
480 1810 634 1842 Vandalis
657 1811 741 1842 testis
764 1813 808 1842 est
822 1810 1028 1842 Dracontius.
1076 1820 1172 1850 quare
1202 1811 1229 1841 et
1249 1809 1352 1840 clades
1372 1809 1505 1839 Ansilae
1527 1810 1556 1839 et
1580 1808 1734 1840 Draconti

83 1872 207 1894 carmen
226 1872 289 1893 non
309 1862 413 1900 multo,
436 1861 490 1892 sed
510 1861 675 1901 aliquanto
698 1864 776 1893 certe
798 1864 871 1893 ante
893 1873 923 1893 a.
940 1862 1003 1892 491
1026 1861 1199 1892 reiciendae
1222 1861 1351 1899 suntss);
1381 1870 1540 1900 suyqererc
1562 1860 1643 1891 enim
1667 1861 1732 1901 reqi

87 1914 264 1945 memoriam
287 1915 424 1952 receptus
446 1913 577 1944 recentis
598 1915 642 1944 est
664 1913 853 1953 insipientis,
876 1923 940 1944 non
963 1913 1122 1953 supplicis.

188 1967 284 1996 restat
306 1965 445 2004 quaestio
467 1964 504 1995 de
527 1965 664 1996 carmine
687 1975 747 2004 quo
770 1964 965 1996 Dracontius
991 1965 1072 2004 reqis
1095 1965 1231 1994 moverat
1254 1964 1329 1995 iras.
1368 1962 1515 1994 habemus
1536 1962 1610 1994 leaeo
1632 1963 1732 2002 ipsius
1758 1969 1861 1986 carmen
1879 1961 1916 1986 acl

83 2019 139 2048 lesi
143 2017 256 2048 {monia
263 2027 273 2046 .·
1763 1996 1905 2027 principem

1763 2034 1901 2055 eaeternum.

191 2137 215 2169 l)
234 2136 265 2162 de
285 2136 363 2162 titulo
389 2136 436 2169 qui
459 2138 496 2161 est
521 2135 554 2162 de
573 2135 703 2161 laudibus
726 2134 771 2161 dei
790 2134 855 2159 mihi
878 2142 934 2159 non
957 2137 1011 2160 tam.
1030 2137 1101 2160 certo
1119 2136 1242 2159 constare
1265 2141 1345 2165 qaam
1365 2133 1472 2166 Meyero
1494 2133 1509 2158 l.
1524 2133 1538 2158 l.
1549 2140 1577 2164 p.
1591 2135 1636 2157 271
1654 2131 1732 2156 libere

82 2180 220 2213 profiteor.
264 2187 304 2205 res
323 2179 390 2204 enim
410 2181 541 2204 tractatae
559 2178 641 2204 aliam
660 2177 784 2203 ridentur
802 2177 851 2203 sibi
869 2177 1006 2203 vindicare
1026 2176 1233 2209 inscriptionem.
1278 2176 1324 2208 qai-
1342 2175 1430 2201 adhuc
1448 2183 1555 2201 carmen
1574 2181 1733 2200 enarravero

85 2222 181 2254 (Ebert
205 2222 221 2248 l.
241 2222 256 2248 l.
270 2231 299 2255 p.
316 2225 368 2248 387
375 2229 427 2254 sqq.
468 2221 617 2252 Manitias,
647 2220 738 2247 Gescli.
758 2220 783 2246 d.
804 2220 902 2246 christi.
921 2220 966 2246 lat.
986 2219 1078 2246 Dicht.
1094 2228 1122 2252 p.
1135 2221 1284 2249 331—338,
1302 2218 1397 2252 Meyer
1420 2218 1436 2243 I.
1455 2218 1470 2244 l.
1490 2227 1517 2250 p.
1536 2218 1593 2249 271)
1615 2225 1670 2242 non
1691 2219 1733 2242 sat

85 2264 225 2297 diligenter
243 2264 278 2289 ad
296 2264 437 2290 consilium
453 2263 701 2297 dispositionemque
718 2263 847 2289 carminis
864 2262 1057 2294 (attenderunt,
1076 2269 1157 2294 quare
1175 2261 1280 2295 lonyior
1297 2261 1341 2293 fui
1359 2260 1507 2294 Pauly-W
1507 2261 1549 2286 iss.
1563 2261 1578 2286 l.
1593 2260 1608 2285 l.
1619 2268 1646 2292 p.
1663 2262 1732 2285 1638.

89 2307 192 2333 debebat
210 2307 350 2333 inscribere
368 2306 538 2333 Dracontius
556 2306 589 2332 de
609 2306 653 2333 dei
671 2306 712 2332 ira
731 2308 759 2332 et
781 2305 874 2331 venia:
897 2305 946 2331 hoc
968 2306 1036 2331 enim
1060 2304 1138 2338 quasi
1156 2304 1241 2330 thema
1259 2312 1336 2330 suum
1351 2312 1401 2337 per
1419 2307 1469 2329 tres
1487 2303 1546 2329 illos
1563 2303 1644 2328 libros
1662 2305 1733 2327 tena-

84 2350 185 2376 cissime
209 2350 337 2383 sequitur.
378 2349 407 2375 id
430 2352 517 2375 autem
539 2348 666 2375 concedo.-
689 2357 746 2375 non
769 2356 821 2374 esse
840 2348 915 2374 nobis
933 2347 1063 2373 traditum
1088 2347 1172 2372 aliam
1196 2347 1316 2379 tauhun,
1341 2346 1499 2372 retinendus
1519 2346 1601 2379 iqitur
1625 2347 1682 2370 erat
1704 2344 1734 2369 in

86 2393 208 2419 editione.
318 2393 344 2426 2)
363 2393 498 2419 convicia:
525 2392 660 2426 insipiens
683 2391 772 2418 omnis
796 2390 913 2417 rationis
936 2400 1046 2424 egenus.
1154 2389 1179 2422 3)
1200 2398 1225 2415 a.
1238 2392 1290 2416 488
1315 2389 1406 2415 Victor
1429 2388 1543 2414 Vitensis
1565 2388 1685 2421 queritur
1702 2387 1733 2413 de

87 2436 313 2469 persecutionibus
330 2435 520 2462 catholicorum
537 2435 657 2461 nondum
673 2434 759 2466 finitis
782 2435 819 2467 (3,
833 2438 865 2460 64
875 2442 925 2466 sqq.
930 2434 958 2467 )‚·
976 2433 1062 2460 eodem
1083 2436 1170 2458 tamen
1188 2440 1262 2458 anno
1281 2431 1475 2459 coemeterium
1498 2431 1587 2457 sancti
1605 2429 1734 2463 martyris

86 2478 181 2513 Agilei
199 2479 274 2512 apud
289 2478 488 2512 Carthaginem
507 2477 653 2504 catholicis
670 2478 735 2504 dare
755 2476 900 2511 praecepit
915 2475 1143 2502 szmtlzamuudus
1161 2474 1284 2509 Eugenio
1298 2473 1512 2508 Carthaginensi
1530 2473 1660 2507 episcopo
1679 2473 1734 2498 iam

83 2522 118 2548 de
135 2521 217 2548 exilio
230 2523 369 2549 revocato.
405 2522 512 2548 decimo
525 2523 619 2548 autem
632 2530 702 2547 anno
716 2520 794 2554 regni
812 2520 856 2546 sui
875 2520 925 2553 (10.
937 2520 1004 2553 Any.
1019 2520 1083 2551 495)
1103 2518 1234 2544 ecclesias
1247 2517 1447 2544 catholicorum
1465 2516 1576 2550 aperuit
1595 2518 1623 2542 eb
1641 2524 1733 2542 omues

88 2564 133 2591 dei
150 2565 307 2591 sacerdotes
332 2566 445 2599 petente
463 2564 587 2598 Eugenio
672 2564 705 2591 de
726 2563 809 2590 exilio
832 2562 975 2589 revocavit
997 2563 1087 2588 latere.
1099 2569 1151 2595 req.
1171 2561 1299 2587 Wandat.
1322 2561 1470 2586 Mommsen
1493 2560 1583 2585 chron.
1601 2559 1665 2585 min.
1683 2558 1738 2584 III

86 2616 116 2641 p.
131 2611 188 2634 459.
274 2608 302 2642 4)
321 2608 495 2640 falsissimum
503 2610 572 2640 puto
584 2610 633 2633 sat.
646 2616 668 2633 v.
686 2610 718 2633 94
736 2607 780 2633 vel
793 2606 934 2633 dominun]
950 2604 1124 2638 interpretari
1143 2603 1175 2629 de
1188 2603 1305 2629 carmine
1322 2603 1352 2628 ‘in
1365 2602 1467 2628 laudm
1485 2602 1526 2627 dei
1544 2602 1599 2627 'iam
1608 2601 1733 2634 perfecto.

84 2658 154 2683 quae
172 2651 295 2683 sequitur
312 2651 478 2684 comparatio
497 2651 575 2676 talem
594 2657 699 2675 sensum
714 2649 796 2682 plane
815 2648 939 2675 excludit.
1023 2648 1048 2680 5)
1073 2647 1105 2672 cle
1125 2647 1199 2672 victis
1219 2646 1326 2672 Mauris
1351 2646 1385 2677 cf.
1398 2654 1466 2678 qaae
1484 2653 1571 2678 nuper
1588 2644 1732 2678 composuit

88 2693 121 2719 L.
135 2693 265 2725 Schmidt,
287 2693 440 2719 Geschichte
463 2693 510 2719 der
534 2692 683 2719 Vandalen.
725 2692 804 2725 Lpsy.
824 2695 885 2717 1901
905 2699 933 2723 p.
954 2694 1006 2716 114.
1117 2690 1142 2722 6)
1167 2689 1330 2715 contrarimn
1354 2689 1416 2714 'inde
1440 2687 1545 2714 deducit
1568 2687 1600 2713 L.
1618 2687 1733 2713 Schmidt

84 2736 101 2761 z.
116 2736 132 2762 l.
142 2744 170 2769 p.
185 2740 235 2768 115,
248 2740 270 2762 2.
