2106 3061
614 154 814 182 DRACONTII
850 157 896 183 DE
915 158 1093 187 LAVDIBVS
1112 162 1171 188 DEI
1209 163 1248 189 III
1690 171 1746 201 107

366 248 416 275 545
520 242 629 274 vivere
654 242 824 274 debuimus
849 247 1012 286 tamquam
1035 247 1167 279 factoris
1192 249 1307 291 imago,

520 302 599 334 quos
623 293 739 325 doceat
761 295 886 326 factura
910 296 961 327 dei
985 297 1106 338 pietate
1130 301 1292 341 magistra.

519 355 577 376 rex
601 345 663 386 pie,
687 345 865 377 bellantum
890 348 1042 379 comitata
1066 351 1211 390 potentia
1235 353 1373 394 supplex

442 403 500 437 (535)
520 396 555 427 fit
579 396 800 438 quodcumque
824 398 934 429 iubes:
958 399 1093 431 effectus
1118 401 1205 433 iussa
1231 408 1417 444 sequuntur.

518 450 581 479 stat
603 448 763 479 famulans
787 451 903 480 natura
927 450 988 481 deo
1014 455 1198 484 constructa
1221 454 1400 496 elementis,

363 506 414 533 550
518 499 639 539 nescia,
664 500 739 541 quid
764 500 887 539 iubeam,
912 501 1015 533 donec
1038 508 1212 545 praecepta
1236 510 1371 547 repente

515 550 626 581 audiat
649 554 682 582 et
706 550 833 582 domino
859 552 954 583 citius
979 564 1094 594 parere
1119 555 1262 587 laboret:

515 602 666 633 exultans
690 602 823 634 iussisse
848 603 908 634 sibi
932 605 1046 645 gavisa
1068 606 1214 638 ministra

439 661 496 693 (540)
513 653 639 694 perficit
662 654 805 685 iniuncta
828 655 954 697 placido
978 667 1125 689 sermone
1149 658 1290 690 iubentis

516 708 548 736 et
572 716 679 737 rerum
702 708 817 737 natura
840 717 958 748 parens
983 708 1138 740 famulata
1162 711 1329 742 tremescit

360 765 410 790 555
514 767 572 798 per
595 767 690 798 quem
714 758 802 788 celsa
825 758 889 799 poli
913 759 1008 790 tellus
1033 771 1120 792 mare
1146 761 1252 792 sidera
1277 766 1426 794 constant

514 811 546 839 et
569 809 667 850 gestit
691 809 807 840 servile
832 820 965 851 pavens.
1013 814 1110 852 quota
1133 813 1237 853 portio
1260 824 1366 845 rerum

513 871 571 891 nos
597 871 706 891 sumus
729 861 878 899 audaces,
904 865 939 893 ut
963 866 1207 896 contemnamus
1232 866 1348 897 acerbe

435 921 494 953 (545)
514 912 681 954 imperium
706 913 846 945 caeleste
870 917 1000 945 truces?
1047 926 1105 956 par
1130 927 1229 948 causa
1253 918 1379 949 locatur

435 972 493 1005 (524⁶)
511 967 621 996 nostra
646 964 762 1006 deique
785 965 893 996 simul:
918 966 972 1007 qui
996 967 1062 997 vult
1086 978 1145 998 sua
1169 971 1241 1000 vota
1265 970 1383 1008 venire,

357 1024 408 1051 560
435 1025 490 1057 (-)
513 1016 646 1057 impleat
668 1016 736 1058 ipse
760 1016 822 1048 dei.
868 1018 965 1048 simili
988 1017 1112 1049 dicione
1136 1020 1286 1051 voluntas

434 1077 490 1109 (-)
515 1078 681 1099 servorum
705 1068 888 1110 dominique
913 1073 1021 1102 manet
1044 1071 1164 1112 pietate
1188 1072 1343 1104 modesta.

433 1129 488 1161 (-)
511 1119 650 1161 qualiter
673 1124 820 1162 optamus
845 1125 956 1153 nostra
980 1133 1037 1164 spe
1062 1126 1135 1154 vota
1160 1124 1285 1164 mereri,

433 1180 491 1212 (547)
510 1183 582 1203 cum
606 1183 664 1204 nos
689 1173 776 1204 iussa
799 1173 851 1205 dei
875 1174 946 1205 fieri
969 1176 1206 1206 contemnimus
1231 1176 1340 1207 ultro?

509 1235 569 1255 nec
594 1235 704 1256 sumus
728 1225 841 1266 ignari,
867 1226 942 1267 quid
967 1227 1008 1257 sit
1032 1226 1080 1257 fas
1106 1227 1222 1268 quidve
1247 1228 1423 1258 nefastum:

355 1284 404 1310 505
509 1286 589 1317 gens
612 1277 772 1308 scelerata
795 1287 918 1316 sumus,
942 1278 985 1308 nil
1011 1277 1050 1308 de
1074 1279 1197 1320 pietate
1222 1282 1396 1319 merentes,

433 1337 491 1369 (550)
512 1339 646 1370 quorum
670 1329 791 1370 primus
815 1339 873 1370 ego
897 1329 969 1371 plus
994 1340 1088 1371 quam
1112 1333 1265 1372 peccator
1288 1330 1469 1362 habendus.

509 1380 635 1421 quando
660 1380 787 1411 fatebor
811 1381 896 1411 enim
921 1381 1079 1412 scelerum
1104 1382 1197 1412 simul
1222 1392 1327 1423 omne,
1352 1386 1475 1414 reatum

507 1432 650 1473 pectoris
675 1434 707 1462 et
730 1432 858 1463 carnis?
883 1443 946 1463 non
970 1433 996 1463 si
1020 1432 1097 1463 mihi
1121 1432 1227 1464 ferrea
1251 1444 1313 1464 vox
1338 1435 1389 1474 sit,

507 1493 564 1514 ora
587 1486 634 1514 tot
658 1487 829 1525 exurgant,
855 1487 933 1525 quot
956 1484 1070 1515 dentes
1096 1485 1224 1516 ossibus
1251 1486 1373 1524 albent,

353 1543 403 1570 570
508 1538 563 1566 aut
586 1535 665 1566 mihi
689 1536 752 1566 sint
775 1535 916 1576 linguae,
942 1539 1078 1577 quantos
1103 1540 1199 1578 caput
1224 1547 1317 1568 omne
1343 1538 1475 1579 capillos

432 1596 490 1628 (555)
509 1587 662 1628 pectinat,
688 1587 827 1628 explebo
852 1597 1021 1618 numerum
1047 1588 1115 1619 sine
1141 1588 1254 1619 fraude
1278 1588 1415 1627 fidelem,

504 1638 561 1669 sed
585 1639 662 1669 satis
687 1641 735 1669 est
758 1638 880 1670 dixisse
905 1650 994 1670 reum
1020 1639 1078 1670 sub
1104 1640 1236 1671 crimine
1261 1644 1386 1672 cuncto.

507 1690 592 1732 quod
615 1693 671 1721 tua
693 1691 781 1721 iussa
804 1693 927 1730 vetant,
952 1691 1039 1722 solus
1064 1702 1219 1732 peccasse
1244 1692 1380 1731 fatebor,

506 1753 612 1781 omne,
636 1742 721 1784 quod
744 1742 915 1782 horrescis,
940 1753 1004 1774 non
1028 1753 1078 1774 me
1104 1743 1221 1775 fecisse
1246 1744 1383 1785 negabo.

351 1802 401 1829 575
506 1794 582 1836 quid
605 1793 736 1836 prodest
760 1795 949 1836 cuicumque
973 1794 1065 1825 nefas
1090 1795 1195 1826 celare
1220 1799 1397 1837 peractum,

427 1854 485 1887 (560)
505 1856 576 1877 cum
600 1845 700 1877 iudex
725 1848 756 1877 et
779 1847 871 1877 testis
895 1846 972 1877 ades
997 1846 1075 1877 deus
1100 1857 1182 1878 unus
1208 1850 1239 1878 et
1264 1847 1348 1878 idem
1359 1850 1371 1877 ’ἶ

506 1898 665 1939 sacrilega
688 1898 780 1939 quasi
803 1900 911 1929 mente
936 1902 1047 1939 putem
1072 1909 1133 1929 non
1159 1899 1265 1930 omnia
1289 1909 1384 1930 nosse

94 1985 121 2010 in
142 1986 162 2010 C
177 1985 236 2011 564.
255 1985 363 2011 566-7.
383 1984 485 2011 572-’7
573 1985 601 2009 ἰη
620 1985 643 2008 Α
663 1983 773 2010 545-6.
792 1984 920 2009 548-57.
940 1983 1057 2009 564—77

196 2037 246 2062 546
265 2038 353 2062 doceat
373 2037 405 2068 A,
423 2038 511 2062 deceat
529 2037 553 2061 B
635 2035 685 2061 552
703 2037 831 2061 ministrat
852 2036 962 2061 Arm-alo
1050 2035 1100 2061 553
1119 2037 1221 2061 Pei-ficit
1240 2037 1273 2067 B,
1291 2038 1400 2062 Perfecit
1419 2037 1442 2061 Δ1
1525 2036 1575 2062 554
1594 2042 1686 2063 natura
1705 2038 1737 2068 B,

94 2082 186 2105 nature-³.
203 2079 315 2113 (virgula
333 2081 421 2113 erasa)
438 2081 461 2105 A
558 2079 608 2106 556
626 2081 703 2113 gestit
722 2080 754 2110 A,
773 2081 852 2112 gessit
871 2080 895 2104 B
976 2081 1070 2105 servire
1089 2080 1201 2105 Arei-alo
1298 2079 1346 2106 557
1367 2084 1574 2113 mnitempnamus
1593 2082 1630 2111 B,
1656 2081 1736 2113 elon)-

94 2122 299 2156 te(m)pnam(ur)
313 2124 336 2147 A
406 2125 496 2149 acerbe
510 2124 590 2154 ΑΜΕ,
609 2131 700 2148 acerne
714 2124 738 2147 J}
807 2123 857 2148 558
876 2132 953 2155 cause
968 2123 1012 2153 ΙέῙ,
1031 2132 1109 2148 causa
1122 2124 1158 2147 13²
1229 2124 1326 2148 locetur
1346 2124 1452 2148 Glaeser
1521 2123 1639 2149 550—6‘2
1652 2134 1699 2148 om.
1716 2125 1741 2148 L*

127 2166 177 2192 564
196 2175 251 2192 sum
263 2168 368 2199 ignarus
384 2166 405 2191 C
473 2168 609 2192 nefandum
625 2166 645 2190 C
713 2165 761 2190 567
781 2167 847 2191 enim
860 2176 907 2191 om.
924 2166 944 2190 C*
1007 2175 1079 2191 omne
1094 2167 1116 2190 A
1123 2167 1151 2197 C,
1172 2175 1227 2192 csse
1240 2167 1264 2191 Je'
1333 2167 1382 2192 569
1403 2168 1454 2191 Ora
1468 2171 1504 2191 tot
1514 2167 1594 2199 AM2,
1608 2168 1699 2192 Orator
1713 2168 1736 2191 R

127 2209 217 2242 q(uo)d
235 2211 323 2235 dentes
336 2210 393 2242 BA,
411 2219 476 2235 corr.
495 2211 607 2235 Arevalo
678 2210 765 2235 oribus
784 2211 891 2234 {tlaeser
977 2209 1028 2235 570
1047 2211 1098 2235 sint
1111 2210 1174 2241 AJI,
1194 2215 1253 2235 sunt
1273 2211 1294 2234 I:
1381 2210 1431 2235 572
1449 2219 1519 2235 reum
1536 2210 1590 2241 BG,
1608 2219 1690 2235 rerum
1711 2211 1734 2234 A

127 2257 218 2278 cuncto
235 2253 290 2284 BG,
308 2254 395 2279 iuncto
414 2254 463 2279 sive
480 2254 567 2279 uincto
581 2254 605 2278 A
693 2252 742 2278 576
761 2253 853 2285 ade(st)
875 2253 896 2278 C
911 2257 933 2278 eh
952 2253 1016 2278 [clem
1034 2253 1166 2278 *incohasse
1185 2254 1283 2278 videtur
1302 2253 1334 2285 A,
1352 2262 1419 2278 nunc
1439 2254 1528 2285 legslmr
1547 2254 1607 2278 ades
1626 2258 1651 2277 ut
1671 2254 1697 2278 in
1711 2254 1736 2278 B

195 2339 246 2365 545
268 2338 375 2371 Coripp.
390 2338 456 2364 lust.
470 2342 492 2370 2,
506 2342 540 2364 :29
558 2347 660 2372 parvus
678 2338 767 2370 1101110,
788 2338 904 2364 inmensi
923 2339 1013 2365 factus
1039 2338 1152 2365 factoris
1170 2338 1261 2372 imago
1349 2339 1399 2364 546
1418 2338 1512 2371 Prosp.
1530 2338 1606 2371 epiyr.
1617 2338 1705 2371 praef.
1721 2342 1735 2365 9

93 2390 198 2424 pietate
217 2390 351 2424 magistra.
370 2390 707 2423 (Ven.F02-t.carm.4,1,
724 2392 772 2423 ⁴21).
796 2390 899 2423 Coripp.
912 2390 969 2417 1072.
988 2395 1009 2422 1,
1022 2394 1069 2417 283
1088 2390 1132 2417 (lei
1156 2390 1262 2423 pietate
1282 2389 1416 2423 magistra
1507 2391 1555 2415 547
1579 2390 1734 2415 bellantum

92 2442 110 2468 i.
129 2443 240 2469 militiae
258 2445 327 2476 tuae,
347 2444 499 2477 anyelorum
517 2444 759 2476 elementormnque,
780 2443 811 2474 cf.
826 2447 846 2475 1,
860 2446 913 2469 931.
932 2446 955 2475 2,
968 2446 1001 2469 :25
1089 2443 1139 2469 548
1158 2448 1179 2475 1,
1193 2446 1243 2469 566
1267 2442 1404 2468 iussurum
1427 2441 1541 2468 effectus
1562 2450 1615 2468 non
1635 2442 1735 2468 desunt

126 2494 176 2520 549
193 2495 227 2527 cf.
241 2494 326 2521 Scdul.
340 2499 360 2528 1,
375 2499 424 2522 220
435 2504 489 2529 sqq.
577 2496 627 2521 556
646 2495 676 2526 cf.
691 2495 796 2520 Lucret.
810 2498 831 2526 6,
846 2498 895 2520 652
911 2494 1014 2527 Coon'pp.
1029 2494 1096 2520 Just.
1111 2498 1133 2526 2,
1149 2497 1181 2520 30
1270 2495 1320 2520 559
1340 2494 1439 2519 Alexin.
1454 2497 1492 2523 62,
1507 2497 1522 2519 6
1540 2493 1656 2526 impleat
1675 2492 1733 2526 ipsc

93 2545 136 2572 dei
154 2545 202 2579 qui
221 2546 281 2573 vult
300 2555 349 2572 sua
368 2548 434 2573 vota
453 2546 545 2573 venire
633 2547 684 2573 563
702 2546 736 2578 cf.
752 2550 774 2579 2,
792 2549 839 2572 273
850 2554 901 2578 sqq.
990 2546 1039 2571 566
1060 2545 1140 2571 Paul.
1160 2545 1196 2570 ml
1214 2546 1276 2571 Tim..
1292 2550 1311 2578 1,
1326 2550 1347 2578 1,
1367 2550 1397 2571 15
1416 2554 1531 2578 quorum
1550 2545 1734 2577 (pcccatorwn)

92 2597 196 2631 primus
215 2606 266 2633 ego
285 2607 345 2624 sum
414 2598 464 2624 568
489 2598 564 2632 Vcoy.
577 2606 663 2632 qcm'y.
677 2601 699 2630 2,
715 2600 747 2623 43
766 2598 830 2623 Aen.
846 2601 868 2629 6,
881 2600 929 2622 625
948 2606 1010 2629 nou,
1031 2596 1098 2622 1111111
1117 2597 1139 2622 si
1159 2597 1270 2630 ling-uuo
1290 2598 1399 2623 centum
1419 2596 1473 2622 sint
1493 2604 1593 2628 oraque
1614 2596 1732 2622 centum,

91 2649 178 2676 fen-ea
190 2658 250 2681 vox,
265 2649 353 2676 omnis
366 2650 499 2677 scelerum
514 2650 709 2683 comprendere
724 2650 825 2675 formas
893 2649 1004 2683 possim.
1034 2649 1067 2681 cf.
1081 2648 1167 2674 δαν-111.
1183 2648 1214 2674 dc
1226 2648 1297 2674 lami.
1312 2648 1376 2674 dom.
1387 2651 1420 2673 86
1433 2648 1489 2673 Alc.
1501 2647 1548 2672 Ar.
1558 2655 1636 2672 earm.
1650 2650 1673 2678 3,
1682 2649 1734 2672 335

91 2700 192 2727 Arator
210 2706 231 2733 1,
243 2705 348 2734 459sqq.
420 2702 470 2728 569
486 2701 566 2735 Vcry.
580 2702 646 2727 Aen.
662 2705 698 2734 12,
709 2705 743 2727 36
762 2701 907 2735 campique
928 2701 1056 2735 ingentes
1076 2700 1181 2727 ossibus
1201 2700 1298 2726 albent
1369 2700 1418 2726 570
1432 2699 1525 2731 psalm.
1539 2701 1621 2730 39,13
1638 2698 1733 2730 iniqni-

91 2753 154 2777 tates
178 2751 383 2786 multiplicatae
407 2754 471 2779 sunt
497 2761 579 2786 super
605 2753 722 2787 capillos
750 2753 850 2787 capitis
874 2752 927 2778 mei
1044 2752 1093 2778 576
1118 2752 1206 2777 Ierem.
1229 2755 1267 2783 29,
1283 2755 1313 2777 23
1338 2759 1388 2785 ego
1412 2759 1470 2775 sum
1496 2749 1576 2775 iudex
1604 2750 1631 2775 et
1654 2749 1733 2775 testis

91 2802 140 2828 577
159 2803 192 2835 cf.
212 2807 232 2836 1,
246 2807 293 2830 499
305 2812 356 2836 sqq.
1477 2836 1522 2861 14³²
