2106 3061
355 162 390 192 16
1001 159 1043 187 ΡΙ,
1064 173 1069 179 ·
1090 158 1324 186 MERoBAva

1009 402 1104 428 desunt
1124 407 1139 429 4
1160 403 1196 428 rc!
1212 407 1227 428 5
1246 410 1334 428 versus
1820 410 1843 434 p.
1863 400 1912 427 261

1766 445 1836 477 fine«
1854 453 1877 477 p.
1897 443 1960 475 26&

690 468 724 496 ut
749 465 802 496 vix
827 475 926 506 prona
950 464 1041 495 novis
1065 464 1170 495 erexit
1194 463 1362 505 gressibus
1387 474 1445 494 ora
1770 487 1830 512 bene
1848 487 1966 520 leyunaeur

690 517 855 559 primaque
881 517 1013 559 reptatis
1037 516 1163 548 nivibus
1188 515 1325 557 vestigia
1348 516 1428 554 fixit,

690 580 765 600 mox
789 569 929 600 iaculum
953 569 1076 610 petiere
1102 578 1215 599 munus
1239 568 1378 610 lusitque
1403 567 1520 609 gelatis

691 620 846 652 imbribus
871 624 902 652 et
926 620 1020 651 siccis
1044 620 1187 651 imitatus
1212 619 1331 650 missile
1355 618 1496 661 lymphis

604 685 640 704 γη
686 672 856 715 temptavit
879 682 1004 715 pugnas
1029 675 1224 714 tenerosque
1249 670 1289 702 ad
1314 671 1437 713 proelis.
1459 669 1551 701 ludos

689 723 803 755 imbuit
827 727 860 755 ct
883 733 975 755 veras
1000 724 1062 755 iam
1087 728 1162 755 tunc
1186 723 1331 766 respexit
1355 722 1395 754 ad
1419 722 1540 754 hastas.

691 786 750 807 nee
775 786 874 815 mors,
900 786 971 807 cum
996 775 1157 817 Scythicis
1182 774 1410 806 succumberet
1434 774 1566 806 ensibus
1591 773 1678 805 orbis

690 827 819 869 telaque
843 826 1000 869 Tarpeias
1025 830 1208 869 premerent
1232 826 1354 858 Arctoa
1377 836 1518 866 secures,

690 878 841 910 hostilem
864 879 962 921 fregit
986 878 1108 911 rabiem
1133 879 1314 921 pignusque
1339 877 1469 920 superbi

606 943 642 962 1³0
687 930 826 963 foederis
852 934 885 962 et
907 930 1018 962 mundi
1041 930 1180 973 pretium
1205 930 1266 962 fuit
1296 930 1384 971 (hine
1408 929 1502 961 modo
1525 930 1591 962 voti

691 986 761 1013 rata
784 982 875 1022 fides,
900 982 1014 1014 validis
1040 982 1124 1024 quod
1148 981 1215 1013 dux
1238 985 1365 1024 premat
1388 981 1526 1024 impiger
1549 981 1645 1013 armis

690 1033 832 1066 edomuit
855 1044 935 1076 quos
959 1044 1040 1077 pace
1064 1034 1157 1076 puer)
1182 1034 1367 1076 bellumque
1392 1033 1548 1076 repressit

691 1086 833 1127 ignarus,
857 1085 933 1128 quid
956 1086 1044 1118 bella
1067 1086 1184 1118 forent.
1231 1089 1386 1128 stupuere
1410 1085 1536 1117 feroces

690 1138 722 1169 in
746 1140 859 1169 tenero
884 1137 947 1169 iam
970 1137 1115 1169 membra
1138 1136 1253 1169 Getae.
1299 1148 1358 1169 rex
1381 1137 1450 1179 ipse
1475 1137 1651 1169 verendum

604 1201 640 1220 ηε,
686 1189 820 1220 miratus
843 1189 935 1231 pueri
958 1188 1059 1221 decus
1084 1192 1116 1221 et
1139 1188 1311 1231 prodentia
1333 1188 1435 1220 fatum

691 1240 813 1271 lumina
835 1239 1019 1282 primaevas
1043 1239 1178 1271 dederat
1201 1242 1331 1281 gestare
1355 1238 1525 1281 pharetras

690 1291 908 1333 laudabatque
933 1301 1046 1322 manus
1070 1291 1242 1323 librantem
1267 1293 1300 1322 et
1322 1291 1389 1322 tela
1413 1293 1582 1332 gerentem

692 1343 811 1375 oblitus
835 1342 920 1385 quod
944 1346 1055 1374 noster
1078 1346 1158 1374 erat.
1203 1353 1261 1384 pro
1286 1342 1394 1374 nescia
1416 1342 1504 1384 regis

691 1394 796 1432 corda,
820 1394 897 1426 seris
921 1397 1040 1436 quanto
1065 1394 1195 1437 populis
1219 1394 1405 1426 discrimine
1430 1397 1557 1426 constet

606 1459 642 1479 uo
693 1445 777 1488 quod
801 1446 930 1478 Latium
953 1445 1048 1477 docet
1071 1456 1161 1478 arma
1184 1446 1314 1478 ducem!
1361 1445 1418 1477 sed
1442 1446 1571 1478 nomine
1595 1449 1707 1478 natum

691 1500 855 1540 nuncupat
879 1500 911 1530 et
934 1498 1058 1529 mavult
1081 1500 1217 1530 naturae
1241 1497 1350 1530 dicere
1373 1498 1490 1540 pignus

691 1559 785 1591 quam
809 1550 908 1591 pacis.
954 1550 1011 1581 tali
1036 1553 1164 1582 teneros
1187 1550 1247 1582 sub
1272 1549 1379 1581 iudice
1403 1550 1540 1592 primum

690 1601 855 1643 gaudebat
878 1601 993 1633 studiis
1017 1602 1183 1633 flammare
1208 1601 1373 1633 ferocibus
1397 1612 1497 1633 annos
1521 1621 1532 1633 .
1548 1622 1559 1633 .
1575 1622 1586 1634 .

451 1741 500 1767 1⁵22
519 1742 633 1775 repitatis
652 1740 747 1772 (deleta
766 1740 890 1772 ipriore)
986 1739 1035 1765 124
1051 1741 1138 1773 lyml'is
1227 1738 1276 1765 127
1295 1744 1397 1772 scyticis
1493 1739 1540 1766 131
1561 1733 1695 1767 ratasfides
1766 1750 1823 1768 rara
1843 1742 1997 1775 Heimeoeth,

347 1790 405 1811 nata
425 1785 540 1818 Skutsch,
560 1789 673 1809 attamen
689 1784 801 1816 peccavit
814 1787 900 1815 poeta,
918 1792 971 1808 ‘nou
989 1784 1112 1809 librarius
1218 1782 1267 1809 136
1285 1784 1394 1809 faretras

452 1914 500 1941 1¹22
525 1913 596 1947 Very.
617 1913 684 1939 Aen.
705 1916 729 1945 6,
744 1915 789 1939 159
808 1911 928 1946 vestigia
947 1911 1009 1946 figit
1025 1911 1135 1944 (Claud.
1148 1914 1186 1945 26,
1199 1915 1244 1938 170
1263 1911 1334 1943 fixit)
1440 1912 1488 1940 130
1507 1920 1588 1939 carm.
1608 1917 1633 1945 4,
1645 1917 1679 1939 46
1702 1921 1735 1940 ae
1759 1913 1855 1940 mundi
1877 1913 1998 1948 pretium

347 1965 400 1992 fuit
419 1965 560 2000 paventis;
579 1964 614 1997 cs.
624 1964 662 1990 acl
673 1971 752 1990 carm.
768 1968 791 1996 4,
807 1966 840 1990 42
945 1963 994 1990 132
1015 1963 1108 1990 Claud.
1123 1967 1161 1996 26,
1176 1967 1229 1990 400
1247 1963 1391 1991 nascentia
1410 1963 1485 1991 bella
1503 1964 1635 1998 repressit
1741 1965 1790 1992 133
1808 1965 1898 1992 Snklon.
1915 1973 1996 1992 carm.

349 2021 368 2050 7,
379 2020 426 2044 31¹2
445 2017 536 2050 feroci!
552 2037 557 2043 .
573 2037 578 2042 .
593 2037 598 2042 .
617 2016 705 2043 Getae
795 2016 844 2043 134
863 2025 909 2043 rex
923 2016 939 2042 i.
953 2016 1087 2043 Alaricus.
1107 2019 1190 2042 totum
1209 2017 1295 2042 locum
1313 2016 1438 2042 imitatur
1451 2015 1543 2043 Sidon.
1557 2024 1638 2042 carm.
1654 2021 1673 2050 7,
1686 2020 1733 2044 221
1744 2025 1797 2051 sqq.
1870 2017 1918 2044 135
1931 2017 1996 2045 Stat.

345 2069 399 2095 silv.
413 2072 438 2101 3,
456 2073 480 2101 4,
500 2072 531 2095 31
555 2068 670 2095 miratur
693 2068 799 2102 puerile
823 2068 906 2095 decus
926 2069 1088 2102 vultumque
1207 2068 1256 2094 13ss
1282 2067 1358 2102 Verq.
1377 2068 1446 2094 Aen.
1465 2072 1486 2101 1,
1501 2071 1548 2095 336
1571 2070 1682 2102 gestare
1706 2069 1866 2103 pharetram
1885 2068 1996 2102 (Claud.

345 2124 383 2153 35,
400 2122 460 2153 242)
