2106 3061
688 162 837 189 EVGENII
874 163 1125 191 HEXAEMERON
1689 171 1728 200 59

501 259 561 280 nec
584 249 699 280 minuit
722 260 875 291 umquam
899 250 1061 282 detractus
1086 252 1125 283 ab
1149 252 1276 293 ignibus
1300 253 1392 294 ignis

345 299 395 325 495
499 300 616 331 damna
639 300 744 332 aliena
769 302 875 332 solent
898 302 1032 333 aliorum
1055 303 1144 334 lucra
1167 313 1296 344 parare:

498 352 529 382 hi
555 355 709 393 quaestus
734 363 797 383 non
822 352 940 384 damna
963 357 1078 395 parant
1102 354 1134 384 in
1157 354 1268 386 fomite
1292 356 1441 388 flammae

430 409 466 428 ⁶1⁵
499 403 675 443 detractae,
700 404 750 434 cui
773 404 854 435 forte
878 404 972 435 iubar
996 404 1173 436 succiditur
1196 406 1291 446 ignis.

496 465 556 486 nec
580 455 709 486 carnale
734 466 835 496 genus
860 456 975 486 minuit
999 457 1104 487 fetura
1128 457 1282 492 creando;

500 516 575 537 ecce
600 506 690 537 dedit
714 507 835 538 homini
859 508 931 549 plus
956 518 1051 549 quam
1076 508 1136 539 sibi
1161 520 1219 540 rex
1244 509 1323 541 deus
1348 513 1471 542 auctor:

344 556 394 583 500
498 557 654 588 formatur
677 558 794 589 virtute
819 558 870 589 dei
894 569 962 590 mas
986 570 1068 591 unus
1094 563 1126 591 et
1148 570 1212 591 una

497 611 529 639 et
550 609 669 640 multos
694 613 783 640 creat
806 620 889 641 unus
913 610 1020 651 homo,
1045 622 1198 642 mansura
1221 622 1362 654 propago

430 666 468 685 620
497 661 638 691 maxima
662 661 706 700 fit,
730 662 859 702 generis
884 672 980 703 quam
1004 663 1138 704 parvula
1161 663 1265 694 fundit
1289 665 1387 704 origo.

499 721 599 752 parva
622 712 683 743 deo
707 712 814 744 fuerat
838 713 1015 745 succedere
1041 724 1127 753 cura,
1152 715 1329 756 peremptis

495 763 527 793 ni
553 766 744 805 consumpta
768 763 861 795 daret
884 768 958 806 post
983 765 1092 796 saecla
1114 775 1283 806 resurgere
1308 766 1402 797 vitae.
1428 785 1467 789 —-

344 812 393 838 505
499 814 556 845 sed
581 825 622 846 ne
646 815 686 846 sit
709 815 819 855 fixum,
844 815 968 847 reditus
991 826 1056 847 non
1080 827 1152 848 esse
1176 818 1322 859 sepultis,

500 865 651 897 cordibus
675 866 815 906 illorum,
840 867 894 908 qui
917 868 999 909 legis
1025 871 1138 899 sancta
1161 869 1343 910 profanant,

430 923 466 942 62⁵
497 928 605 949 annua
628 919 827 960 conspiciant
850 919 937 960 agris
962 919 1123 951 frumenta
1146 921 1270 951 renasci

499 972 626 1000 mortua
650 980 707 1011 per
730 970 835 1001 sulcos
858 973 978 1001 terram
1003 971 1152 1002 findentis
1177 973 1283 1003 aratri

496 1021 601 1052 maior
624 1024 656 1052 et
682 1032 722 1052 ex
747 1022 869 1052 truncis
893 1023 995 1064 surgit
1018 1023 1179 1054 radicibus
1204 1023 1299 1054 arbor

343 1073 394 1099 510
499 1076 532 1104 et
556 1073 640 1104 foliis
665 1073 783 1104 vestita
806 1074 890 1105 viret
913 1074 1123 1106 redeuntibus
1148 1076 1248 1106 annis.

496 1125 667 1166 pampinus
692 1125 818 1156 uvifera
840 1125 914 1156 vitis
939 1129 1104 1157 sarmenta
1125 1127 1260 1157 revestit

429 1183 466 1202 6³0
501 1179 533 1208 et
556 1187 686 1218 gemma
708 1177 794 1208 rosei
818 1176 956 1208 redeunt
979 1178 1118 1219 virgulta
1142 1178 1283 1209 ruboris:

499 1229 662 1260 ambrosio
686 1228 823 1260 reduces
847 1232 1040 1271 rumpuntur
1064 1230 1183 1261 cortice
1207 1230 1340 1271 fructus,

498 1281 570 1322 quis
594 1283 644 1311 est
667 1281 733 1311 vita
757 1280 858 1322 fugax
881 1284 913 1312 et
936 1292 994 1322 par
1018 1292 1089 1313 cum
1114 1282 1191 1313 flore
1216 1286 1377 1314 senectus

344 1333 393 1359 515
498 1333 532 1363 fit
555 1332 700 1364 rediviva
723 1333 831 1364 virens
857 1336 889 1363 et
913 1333 1054 1364 crinibus
1079 1333 1181 1365 herba
1204 1335 1335 1375 renatis,

499 1385 587 1426 ligna
612 1387 825 1415 renascuntur
850 1384 959 1416 reduci
983 1385 1042 1416 sub
1066 1386 1211 1427 germine
1236 1389 1366 1417 cuncta:

429 1443 466 1462 635
497 1447 579 1478 quae
604 1447 687 1467 nunc
711 1436 813 1468 herba
840 1436 909 1475 fuit,
934 1437 1058 1478 lignum
1082 1438 1176 1477 iacet,
1202 1438 1303 1469 herba
1327 1439 1446 1469 futura.

498 1498 669 1530 squameus
697 1489 826 1519 exuitur
849 1489 978 1520 stellato
1004 1489 1145 1530 tegmine
1169 1500 1321 1531 serpens:

497 1540 582 1581 pelle
607 1541 790 1571 renascenti
814 1551 922 1571 rursus
946 1540 1103 1572 redeunte
1127 1541 1260 1572 iuventa

343 1592 395 1619 520
498 1594 605 1633 reptat
628 1591 720 1623 hians
746 1593 859 1633 anguis
883 1603 941 1634 per
965 1592 1061 1623 sibila
1085 1596 1215 1634 guttura
1239 1593 1398 1635 pandens.

495 1642 656 1674 frontibus
682 1643 826 1675 arboreis
851 1643 1005 1674 amittunt
1029 1654 1149 1675 cornua
1174 1645 1269 1683 cervi,

429 1701 466 1720 640
496 1694 655 1736 anguibus
680 1695 854 1736 assumptis
880 1695 937 1726 sed
961 1705 1038 1726 mox
1061 1695 1204 1737 palmata
1227 1699 1408 1738 resurgunt.

498 1746 606 1778 aeriae
630 1746 792 1777 nudantur
815 1757 901 1785 aves,
927 1757 999 1777 cum
1023 1757 1131 1789 penna
1154 1750 1285 1779 vetusta
1309 1752 1368 1788 est,

498 1801 531 1830 et
554 1808 637 1829 nova
661 1798 820 1829 subvestit
843 1802 1010 1839 reparatas
1035 1799 1144 1840 pluma
1169 1800 1328 1832 volucres,

344 1849 394 1876 525
497 1852 623 1881 mortua
646 1853 816 1891 praeterea
840 1860 1012 1881 caecorum
1036 1850 1158 1882 lumina
1182 1851 1302 1883 dudum

498 1901 583 1932 nube
607 1901 814 1932 tenebrarum
838 1901 995 1941 discussa,
1019 1902 1090 1933 luce
1115 1906 1247 1944 recepta

430 1960 467 1979 645
497 1953 539 1984 ad
561 1953 650 1984 visus
674 1953 800 1985 rediere
826 1963 900 1984 suos
925 1953 1097 1995 vultusque
1122 1955 1241 1996 sepulti

499 2007 671 2036 nocturnos
695 2015 851 2046 perpessa
875 2005 945 2036 dies
970 2005 1117 2036 oculatur
1141 2006 1257 2047 imago.

191 2146 241 2172 494
261 2149 396 2180 quicquam
416 2146 441 2170 Z
455 2146 512 2171 edd.
584 2144 703 2169 detractis
722 2144 754 2168 ab
773 2144 877 2176 ignibus
896 2144 968 2175 ignes
988 2143 1020 2167 JI
1109 2143 1159 2169 495
1183 2149 1240 2169 ante
1259 2146 1341 2170 solent
1353 2146 1456 2178 falsmn
1474 2147 1576 2171 verbum
1595 2147 1683 2171 oblevit
1702 2147 1732 2171 M

120 2189 169 2215 496
192 2192 222 2215 In
241 2190 277 2221 M,
298 2191 341 2215 Hii
359 2189 433 2220 LQZ
499 2187 587 2212 flamas
607 2187 641 2211 M
719 2186 768 2211 497
787 2188 908 2211 Detracta
927 2187 949 2210 ei
968 2187 1009 2211 cui
1029 2186 1077 2217 LQ
1152 2188 1226 2212 iubas
1245 2188 1394 2213 sucducitur
1413 2189 1445 2213 M
1512 2191 1657 2215 succeditur
1677 2189 1731 2220 LQ,

88 2234 250 2258 succenditur
270 2234 294 2258 Z
384 2232 435 2257 498
454 2233 553 2257 factura
571 2231 645 2261 LQZ
660 2231 717 2255 edd.
814 2229 864 2254 503
883 2230 996 2255 Paruula
1014 2231 1081 2262 quod
1102 2232 1185 2256 fuerat
1205 2231 1226 2261 (3
1250 2231 1291 2262 (cle
1311 2232 1333 2255 L
1351 2241 1403 2257 non
1422 2233 1517 2264 liquet),
1540 2234 1653 2258 Paruula
1672 2234 1731 2257 dum

87 2277 165 2301 fuerit
184 2277 208 2300 Z
282 2277 409 2301 siccedere
428 2275 461 2299 M
535 2275 669 2307 peremotis
688 2274 744 2304 LQ,
767 2274 901 2305 perhennis
921 2274 945 2297 Z
1023 2282 1083 2298 cura
1104 2272 1106 2306 1
1127 2275 1250 2299 Pei-exutis
1270 2275 1297 2299 F
1391 2275 1442 2300 504
1460 2277 1497 2301 Ne
1515 2276 1589 2305 F¹Z,
1613 2277 1666 2301 Nec
1685 2276 1732 2306 LQ

121 2318 171 2344 508
188 2323 256 2344 terra
275 2319 308 2343 M
401 2317 451 2344 509
470 2319 568 2343 truncis
587 2318 608 2347 (s
626 2317 711 2347 erasa)
734 2317 769 2347 M,
794 2318 877 2341 trunci
897 2317 920 2340 Z
935 2317 991 2341 edel.
1089 2317 1137 2341 511
1163 2318 1297 2350 Panipirus
1321 2316 1477 2350 [lulluisslfera
1502 2319 1535 2343 M
1628 2318 1678 2343 512
1701 2320 1732 2343 Et

88 2365 180 2386 temma
198 2362 235 2392 M,
253 2363 286 2386 Et
304 2362 407 2394 gemina
420 2361 469 2385 LZ
535 2361 635 2386 ruboris
654 2359 695 2391 (ru
719 2360 745 2384 ίη
764 2360 868 2389 rasura)
888 2359 911 2383 L
999 2358 1049 2383 513
1062 2361 1200 2385 Ambroseo
1215 2360 1367 2391 JIFPLQZ
1451 2361 1500 2386 514
1520 2362 1570 2387 Cui
1588 2365 1626 2386 est
1645 2361 1731 2392 JILQ,

87 2404 165 2429 Cuius
184 2408 221 2430 est
239 2404 295 2435 FP,
315 2406 359 2429 Est
378 2405 419 2429 cui
439 2404 463 2428 Z
477 2404 535 2429 edd.
639 2403 690 2427 515
708 2403 768 2434 Fuit
786 2402 816 2432 L,
835 2403 895 2426 Fuit
916 2402 944 2432 Q,
968 2403 1006 2427 Sit
1023 2403 1080 2427 edd.
1155 2403 1303 2428 criminibus
1324 2403 1345 2433 Q
1432 2403 1482 2429 518
1500 2404 1625 2436 tegemine
1644 2403 1680 2428 F¹
1723 2416 1728 2421 ·

88 2445 138 2472 519
156 2452 304 2472 renascente
324 2448 360 2472 F¹
418 2448 521 2472 iubente
536 2447 568 2471 M
633 2445 684 2471 520
702 2446 838 2478 Reptantia
856 2446 948 2478 anguis
967 2445 1017 2470 FP
1084 2444 1291 2471 5211³mndibus
1305 2445 1386 2471 MFP
1453 2446 1503 2471 522
1522 2447 1663 2479 absumptis
1674 2447 1731 2474 edd.

120 2498 255 2523 resurgens
274 2490 322 2521 LQ
391 2490 441 2516 523
459 2491 535 2515 Aeria
557 2490 590 2514 M
656 2490 735 2522 pinna
755 2489 833 2519 MFQ
902 2493 940 2514 est
959 2498 1006 2514 om.
1020 2489 1118 2519 PLQZ
1184 2493 1286 2514 vetusta
1306 2489 1308 2521 Ι
1329 2490 1373 2514 Est
1393 2493 1417 2514 et
1436 2488 1491 2521 (sed
1509 2490 1554 2514 Est
1572 2490 1692 2517 delentem)
1708 2490 1735 2514 F

121 2532 170 2557 524
188 2534 313 2558 subvertit
335 2533 355 2564 Q
430 2534 531 2566 plumas
550 2533 597 2563 LQ
690 2532 741 2558 525
754 2537 814 2564 post
832 2541 948 2558 cecorum
972 2533 999 2557 in
1018 2533 1051 2556 M
1066 2541 1161 2557 rasura
1181 2536 1195 2557 4
1219 2535 1274 2565 fere
1293 2533 1436 2558 litterarmn
1522 2532 1572 2557 526
1587 2537 1646 2564 post
1664 2537 1731 2557 tene—

87 2575 189 2600 brarum
207 2576 264 2600 item
351 2575 400 2601 527
420 2577 500 2601 redire
520 2576 654 2607 MFPLQ,
674 2576 770 2601 rediere
790 2576 814 2600 Z
829 2576 885 2601 edd.

191 2704 240 2730 511
260 2703 364 2730 Iulian.
382 2704 434 2730 Tol.
449 2712 558 2738 yramm.
572 2704 656 2737 suppl.
666 2712 695 2737 p.
711 2703 840 2736 CCXVI,
855 2706 870 2729 6
889 2703 947 2736 (ubi
965 2703 1024 2729 fera
1042 2706 1065 2729 et
1082 2703 1195 2735 reuesti)
