2106 3061
698 161 850 189 EVGENH
886 163 1142 192 HEXAEMERON
1216 151 1218 154 ’
1697 174 1734 202 41

508 246 689 288 producunt
712 248 822 279 niveos
848 252 880 280 et
903 250 996 281 litora
1020 251 1118 282 rubra
1140 253 1275 294 lapillos,

443 305 480 325 320
512 300 714 331 flammantes
739 300 922 342 viridesque
946 302 1019 333 tulit
1042 303 1221 344 Babylonia
1245 309 1384 342 crustas;

356 350 406 378 205
510 351 644 383 Persida
667 351 840 383 nobilitant
864 353 1016 394 pretiosis
1041 354 1135 386 litora
1158 357 1303 397 gemmis,

510 402 645 444 frigidus
670 406 702 434 et
725 414 817 434 roseo
842 404 1055 436 carbunculus
1081 406 1172 437 ardet
1196 407 1326 447 honore,

511 454 608 486 Seres
633 454 686 486 fila
709 455 808 486 trahit
831 456 919 487 nullo
944 456 1002 487 sub
1027 457 1142 498 pollice
1167 458 1272 498 ducta,

509 506 652 539 balsama
679 506 861 538 Caesareos
886 508 1014 549 plorant
1037 509 1178 550 virgulta
1202 521 1260 552 pcr
1282 522 1375 552 agros

441 565 477 584 ³2⁵
512 561 544 590 et
566 559 661 589 nimis
686 558 883 589 ambrosium
907 559 1058 591 lacrimae
1083 560 1160 591 dant
1181 572 1294 593 munus
1319 563 1439 599 odoris;

354 609 405 635 210
509 610 680 641 cinnamon
703 609 836 640 interius
860 610 984 651 profert
1009 611 1067 642 sub
1092 611 1255 644 Phoenice
1280 615 1375 646 tellus

509 662 586 693 solis
611 662 714 693 amica
737 662 843 702 nimis,
873 673 946 692 nam
970 673 1032 693 non
1057 663 1096 695 de
1122 664 1189 695 sole
1215 670 1347 706 perusta

508 715 589 746 haec
613 714 705 745 nardi
728 715 834 753 flores,
858 715 938 746 haec
962 716 1066 756 portio
1090 716 1194 747 fundit
1217 728 1388 751 amomum.

595 766 744 797 omnibus
768 766 817 797 his
841 766 960 807 genitis
985 767 1103 798 animal
1128 768 1262 799 rationis
1287 770 1425 801 amicum

441 825 478 843 ³30
508 818 666 849 formatur
688 818 805 849 virtute
830 818 892 856 dei,
916 818 1047 849 limatur
1070 819 1102 849 in
1127 822 1227 859 artus,

354 870 403 896 215
508 873 544 901 ut
567 869 772 901 dominanter
795 873 847 901 eat
871 870 1066 902 moderatior
1089 872 1237 903 omnibus
1260 884 1354 905 unus.

508 925 642 954 naturae
667 923 761 953 iussit
784 933 867 963 quae
891 923 1024 964 protulit
1049 924 1154 955 omnia
1178 925 1341 967 princeps,

509 977 557 1006 ast
582 974 744 1005 hominem
769 985 833 1005 non
857 977 943 1006 terra
967 975 1062 1017 parit⁷
1087 986 1150 1006 non
1174 979 1290 1018 pontus
1314 978 1354 1009 ab
1378 978 1482 1018 undis,

507 1036 570 1057 non
597 1027 733 1065 caelum,
757 1036 822 1057 non
846 1029 934 1057 astra
959 1030 1078 1065 creant,
1104 1038 1166 1058 non
1191 1029 1300 1070 purior
1323 1040 1388 1068 aer,

439 1085 476 1104 ³³⁵
508 1078 564 1110 sed
588 1078 826 1109 dominatorum
850 1078 1030 1110 dominator
1054 1090 1197 1111 summus
1222 1083 1253 1111 et
1277 1084 1390 1112 auctor

353 1129 405 1156 220
508 1129 631 1160 limavit
654 1140 713 1171 per
736 1129 881 1160 membra
904 1130 1006 1160 virum
1031 1130 1070 1161 dc
1094 1131 1226 1172 pulvere
1251 1132 1380 1163 factum.

505 1181 602 1211 limus
626 1180 731 1212 adhuc
755 1180 909 1212 deformis
935 1184 1013 1221 erat,
1042 1182 1239 1214 membratur
1262 1184 1293 1214 in
1319 1187 1406 1216 artus

508 1243 663 1275 corporea
687 1233 815 1275 species
840 1233 987 1272 hominis⁷
1013 1235 1165 1265 caelestis
1190 1235 1305 1276 imago.

508 1284 705 1325 conspicitur
728 1295 812 1315 nova
835 1284 938 1315 forma
961 1285 1021 1316 viri
1045 1285 1114 1316 sine
1140 1289 1248 1317 mente
1273 1298 1453 1329 parumper.

438 1343 477 1361 ³40
508 1336 640 1378 spiritus
664 1335 790 1366 infusus
814 1336 919 1367 subito
943 1347 1000 1378 per
1024 1337 1168 1368 membra
1191 1339 1329 1370 cucurrit

352 1388 402 1414 225
507 1391 539 1420 et
563 1388 720 1419 calefacta
743 1388 863 1419 rubens
887 1389 990 1419 tenuit
1012 1389 1202 1430 praecordia
1226 1391 1365 1432 sanguis⁷

507 1451 584 1471 mox
607 1441 746 1471 rubuere
771 1451 885 1481 genae,
910 1443 994 1471 totos
1019 1441 1117 1472 rubor
1140 1442 1241 1473 inficit
1264 1446 1363 1474 artus.

507 1491 571 1522 iam
595 1491 677 1522 cutis
702 1494 761 1531 est,
785 1492 839 1533 qui
862 1492 969 1533 pulvis
994 1496 1074 1531 erat,
1097 1493 1159 1524 iam
1184 1496 1270 1525 terra
1294 1494 1453 1525 medullas

507 1543 635 1575 ossibus
659 1543 804 1582 includit,
830 1547 966 1585 surgunt
989 1544 1021 1574 in
1044 1555 1152 1576 messe
1178 1546 1296 1587 capilli.

438 1602 475 1621 345
507 1595 583 1626 orbe
606 1595 728 1626 micant
750 1596 879 1636 gemino
903 1596 1099 1636 gemmantia
1122 1596 1244 1627 lumina
1267 1597 1339 1628 visu

351 1647 402 1673 230
507 1650 539 1678 et
562 1657 674 1678 vocem
699 1657 844 1689 conpago
870 1647 959 1679 dedit
983 1659 1065 1679 nova
1088 1648 1238 1680 machina
1262 1660 1397 1690 surgens

505 1701 669 1731 auctorem
694 1699 826 1730 laudare
852 1710 945 1730 suum
969 1699 1091 1741 gavisa,
1116 1699 1199 1741 quod
1224 1703 1320 1731 esset.

506 1753 582 1781 tunc
606 1751 715 1781 oculos
739 1761 797 1792 per
821 1754 937 1782 cuncta
959 1751 1050 1782 iacit:
1075 1751 1209 1782 miratur
1232 1762 1403 1783 amoenum

507 1803 551 1834 sic
574 1803 688 1834 florere
712 1803 830 1842 locum,
855 1803 899 1834 sic
923 1813 1019 1844 puros
1043 1803 1183 1834 fontibus
1209 1814 1319 1835 amnes

198 1915 247 1941 204
266 1917 354 1942 cristas
369 1917 436 1941 F¹P
503 1915 553 1942 205
567 1917 685 1941 nobilitat
703 1916 838 1946 MFPLQ,
857 1925 923 1941 corr.
943 1916 1079 1940 Fabricius
1149 1915 1199 1941 ‘20⁴3
1218 1917 1381 1941 carbulculus
1395 1917 1423 1940 F
1489 1916 1540 1941 207
1559 1918 1631 1943 Seres
1650 1918 1738 1948 cozl1l.;

51 1989 55 1993 ⁵
95 1959 209 1992 Eugsenio
228 1960 341 1985 dederim
359 1961 435 1985 Serus
453 1961 491 1985 vel
510 1960 576 1985 Seris
589 1968 641 1991 pro
660 1968 725 1984 nom.
797 1960 851 1984 triit
868 1959 924 1990 LQ,
944 1960 1048 1984 trahunt
1066 1959 1123 1984 edd.
1211 1958 1260 1983 208
1280 1964 1302 1984 et
1320 1959 1370 1985 209
1388 1960 1423 1985 sic
1442 1961 1533 1985 hahent
1553 1960 1613 1991 LQ:

558 2003 662 2028 Ploraut
680 2003 794 2035 uirgulta
813 2011 857 2035 per
876 2011 951 2035 agros
970 2006 994 2027 et
1012 2003 1087 2027 nimis
1105 2003 1266 2027 ambroseum

558 2046 676 2071 Balsama
694 2054 809 2071 cesareos
827 2046 946 2070 lacrimae
966 2046 1028 2070 dant
1047 2054 1140 2070 munus
1159 2046 1241 2070 odoris

95 2089 162 2114 unde
185 2090 210 2114 Ζ
225 2090 339 2121 priorem
365 2098 464 2114 versum
487 2089 522 2114 sic
545 2090 593 2114 sihi
613 2098 718 2114 sanasse
741 2090 809 2113 visus
828 2094 874 2114 est:
902 2090 934 2113 Et
955 2090 1030 2113 nimis
1056 2090 1216 2114 ambi-oscum
1239 2090 1339 2121 plorant
1362 2090 1476 2121 uirgulta
1498 2098 1542 2121 per
1567 2098 1643 2122 agros

94 2131 144 2157 209
163 2133 250 2157 odores
268 2132 319 2157 FP
403 2132 453 2157 210
471 2133 617 2157 Cinnamun
643 2132 699 2163 (-un
719 2132 799 2164 eur-o)
819 2132 850 2164 F,
881 2131 1008 2157 Cinnamsi
1026 2132 1051 2156 P
1117 2132 1255 2157 Phoenicia
1267 2132 1324 2156 edd.
1412 2132 1461 2157 211
1481 2141 1540 2157 nam
1560 2141 1628 2157 nunc
1643 2133 1666 2156 Z
1680 2133 1736 2157 edd.

128 2174 179 2200 213
196 2176 279 2200 amica
297 2176 322 2200 P
397 2174 447 2200 214
465 2184 539 2200 arcus
561 2176 581 2206 Q
662 2174 712 2200 215
731 2176 870 2200 dominater
888 2175 924 2205 All,
945 2175 1088 2199 dominator
1107 2175 1163 2199 edel.
1243 2178 1298 2200 erat
1319 2175 1340 2205 (2
1419 2176 1588 2200 moderantior
1606 2176 1631 2199 Z
1645 2176 1701 2200 edd.

95 2217 171 2250 unus]
182 2219 234 2243 usis
252 2218 307 2250 LZ,
325 2219 378 2243 uris
399 2219 427 2250 Q,
446 2219 501 2243 istis
519 2218 577 2244 edd.
664 2218 714 2243 216
734 2220 831 2243 Natura
844 2218 873 2242 M
943 2219 988 2242 lsit
1004 2218 1049 2249 F¹‚
1068 2218 1140 2243 iussu
1159 2218 1181 2241 Z
1198 2218 1254 2242 edat.
1326 2219 1369 2249 qui
1384 2218 1409 2242 P
1497 2218 1548 2243 218
1567 2220 1623 2243 Non
1642 2219 1701 2250 gelu
1716 2219 1740 2242 P

128 2260 178 2285 222
196 2262 334 2294 Corporeas
346 2261 421 2292 LQZ
495 2261 546 2286 224
564 2262 643 2286 currit
663 2262 703 2285 M¹
788 2260 838 2286 225
855 2262 1009 2286 calefactum
1027 2261 1068 2292 (ur
1086 2260 1186 2292 erasae)
1206 2261 1237 2284 XLI
1315 2260 1365 2285 226
1384 2262 1446 2285 Mox
1465 2261 1559 2286 rubens
1578 2260 1684 2292 (rubeus
1703 2261 1736 2293 P)

95 2304 163 2336 ignis
181 2308 249 2329 totus
267 2305 318 2329 FP
400 2303 450 2328 228
468 2304 583 2329 inmense
601 2304 675 2335 LQZ
751 2303 802 2329 229
819 2305 921 2336 gemino
940 2313 987 2328 om.
1008 2304 1055 2334 LQ
1124 2304 1219 2328 lumine
1239 2303 1267 2327 F
1331 2304 1386 2327 uiso
1406 2303 1454 2327 FP
1539 2302 1590 2328 230
1607 2312 1653 2327 om.
1674 2303 1706 2326 M

96 2355 158 2372 uoce
177 2347 225 2378 LQ
295 2351 405 2379 surgunt
423 2347 451 2371 F
470 2347 552 2380 surgit
569 2347 595 2372 P
690 2346 740 2372 232
759 2356 803 2380 per
821 2351 844 2372 et
860 2355 941 2378 supra
960 2347 1053 2372 lineam
1071 2347 1103 2371 ad
1121 2347 1152 2378 F,
1170 2347 1202 2371 ad
1222 2346 1246 2370 P
1312 2347 1376 2371 iacet
1395 2346 1481 2376 F¹L‹„›
1567 2345 1617 2370 233
1635 2347 1695 2370 flore
1716 2346 1737 2376 Q

197 2467 247 2494 217
266 2467 367 2494 Iulian.
389 2467 444 2495 Tol.
461 2476 506 2495 ars
526 2476 638 2502 yrcmmz.
656 2472 678 2501 2,
698 2473 743 2495 172
765 2469 898 2502 (Graium.
916 2469 1004 2502 suppl.
1019 2477 1048 2502 p.
1070 2466 1242 2500 CCXXVII,
1258 2468 1302 2500 23)
1325 2466 1372 2492 sub
1391 2467 1434 2492 ast
1454 2466 1567 2500 (pontus
1585 2466 1635 2492 sub
1655 2465 1736 2492 undis

95 2517 148 2544 cod.
161 2518 272 2553 Palam,
291 2519 388 2546 iterum
405 2523 474 2547 recte
491 2524 515 2554 2,
528 2524 578 2547 184

198 2833 358 2858 Semnones
376 2832 564 2861 Aurmmssnsn
583 2833 642 2857 XIV
655 2831 676 2857 1.
1515 2826 1530 2853 6
