2106 3061
716 155 866 182 EVGENII
904 156 1158 185 HEXAEMERON
1713 164 1753 194 49

456 250 494 268 450
526 253 681 284 quaerere
705 253 765 273 nec
789 242 884 273 sudor
908 243 1030 274 fructus
1055 255 1254 286 quocumque
1278 246 1388 278 labore

525 295 650 336 cogitur
673 297 729 325 aut
752 305 882 336 campos
907 295 1012 336 aliquo
1037 295 1076 327 de
1100 297 1186 328 fonte
1210 298 1332 339 rigare;

524 346 698 377 imbriferis
723 357 851 387 semper
874 347 991 388 pluviis
1017 347 1204 379 absentibus
1227 349 1308 380 uber

370 397 421 424 335
527 407 661 439 caespes
686 400 718 428 et
741 397 875 428 arbitrio
901 398 1017 429 crescit
1041 398 1144 430 fetura
1167 401 1290 431 marito.

524 451 696 491 praeterea
720 448 795 479 solis
820 449 913 480 datus
938 452 988 480 est
1012 449 1101 481 locus
1126 451 1180 481 illc
1204 451 1342 482 duobus:

456 508 493 527 4⁵⁵
524 500 648 532 deliciis
673 500 838 531 hominum
862 503 987 531 tantum
1012 505 1214 533 constructus
1239 503 1348 545 opacis

524 563 587 583 non
611 552 758 594 placidas
784 555 944 583 sustentat
968 563 1055 593 aves,
1080 564 1145 584 non
1168 565 1222 585 ore
1247 558 1411 588 cruentas:

524 604 684 645 unguibus
707 607 846 635 armatas
871 605 975 635 nescit
999 605 1141 646 perferre
1166 606 1324 645 volucres,

369 656 420 682 340
525 667 619 688 omne
643 666 746 698 genus
771 655 932 698 pecudum
957 657 1071 695 nescit,
1096 667 1197 698 genus
1222 668 1315 689 omne
1339 659 1489 690 ferarum.

525 709 612 741 solus
637 708 681 739 ibi
706 708 842 749 inrepsit
866 718 1038 749 squamoso
1064 718 1196 750 corpore
1222 720 1352 752 serpens

455 769 492 788 460
524 760 690 792 fraudibus
714 760 845 791 inbutus
869 760 990 799 mortis,
1015 763 1112 801 caput
1136 771 1229 792 omne
1252 763 1419 802 malorum,

523 817 653 857 pectore
678 814 809 855 vipereo
834 812 991 844 mellitum
1017 822 1058 843 ex
1083 824 1137 844 ore
1162 825 1322 846 venenum

523 867 657 899 funereo
684 867 743 899 sub
768 866 865 897 dente
890 877 1007 908 parans
1032 870 1202 908 spumante
1226 867 1343 909 palato.

369 919 420 946 345
525 930 602 961 ergo
625 919 681 951 ubi
704 920 786 951 livor
809 919 895 951 edax
919 922 1089 951 contusum
1113 920 1209 951 dente
1234 930 1395 951 venenum

523 971 662 1003 invidiae
687 971 847 1002 mordacis
872 971 996 1002 habens
1021 971 1078 1002 sub
1103 972 1207 1002 fronte
1231 971 1378 1002 modesta

455 1029 490 1047 46⁵
523 1023 650 1064 quaerit
674 1033 768 1064 opem
792 1023 936 1061 sceleris,
960 1033 1017 1064 per
1042 1033 1136 1064 quam
1161 1023 1292 1054 fallatur
1314 1023 1469 1054 honestas

523 1074 778 1115 simplicitasque
805 1074 898 1104 cadat
922 1074 973 1105 vel
998 1074 1128 1105 credula
1153 1074 1251 1105 corda
1274 1077 1398 1105 reatum

523 1126 690 1157 incurrant
712 1136 776 1157 non
801 1125 914 1157 fraude
940 1137 1008 1165 sua,
1034 1126 1091 1157 sed
1116 1126 1208 1157 clade
1232 1127 1382 1168 perenni:

367 1177 418 1204 350
522 1178 619 1209 fortia
643 1178 740 1209 corda
764 1178 824 1208 viri
849 1188 912 1208 non
937 1177 1156 1219 expugnanda
1178 1188 1236 1220 per
1259 1188 1397 1219 anguem

522 1230 705 1271 praesensit
728 1230 858 1271 pietatis
882 1230 983 1271 inops,
1008 1229 1065 1261 sed
1090 1230 1236 1271 coniugis
1261 1241 1354 1261 aures

454 1289 492 1307 4⁷0
524 1281 711 1323 adgreditur
734 1281 794 1313 sub
818 1292 897 1313 voce
921 1282 984 1323 pia,
1008 1292 1155 1313 sermone
1178 1282 1320 1323 maligno

524 1333 697 1364 insidiosus
722 1333 789 1364 adit
812 1333 875 1364 heu
899 1333 1008 1364 mollia
1032 1333 1128 1364 corda
1151 1333 1295 1375 puellae:

523 1385 641 1426 ingerit
664 1396 717 1416 ore
742 1385 832 1416 cibos
858 1385 980 1416 crudeli
1004 1385 1117 1417 funere
1142 1385 1263 1427 plenos,

367 1435 418 1462 355
522 1436 572 1467 his
598 1437 699 1468 semel
723 1436 901 1478 adsumptis
927 1440 1115 1468 reserantur
1138 1437 1258 1467 lumina
1283 1436 1387 1467 cordis

523 1499 560 1519 ac
583 1488 745 1530 permixta
768 1488 862 1519 bonis
887 1489 990 1529 patuit
1015 1488 1162 1519 doctrina
1186 1489 1353 1519 malorum.

454 1546 491 1565 4⁷⁵
522 1540 679 1582 paenituit
702 1539 846 1571 nescisse
872 1539 972 1581 dapes
997 1543 1029 1571 et
1052 1540 1169 1571 damna
1193 1542 1347 1582 putantur

523 1591 678 1633 temporis
702 1594 819 1623 exacta
843 1592 953 1633 spatia.
1001 1592 1176 1633 procedere
1200 1592 1291 1633 peius

523 1654 634 1675 ausum
659 1643 778 1685 quippe
802 1643 910 1675 nefas:
936 1647 1072 1685 temptat
1096 1643 1231 1675 seducta
1254 1644 1403 1674 maritum

368 1695 419 1722 360
524 1698 556 1726 et
580 1695 666 1737 capit
689 1696 850 1726 insontem
874 1695 935 1726 iam
960 1696 1057 1726 noxia
1080 1696 1200 1726 femina
1222 1695 1351 1727 victum.

523 1747 742 1778 circumventa
765 1747 858 1788 perit,
884 1746 939 1777 sed
964 1747 1209 1788 circumscripta
1234 1747 1357 1778 fefellit.

454 1805 491 1824 480
522 1809 581 1830 nec
605 1798 847 1839 circumscripta
872 1808 1005 1840 serpens
1030 1799 1149 1840 inpunc
1175 1798 1361 1839 triumphat.

522 1859 597 1880 nam
621 1852 792 1891 postquam
817 1849 943 1880 iuvenis
968 1850 1089 1880 violata
1113 1853 1220 1881 mente
1246 1849 1387 1881 comedit

523 1901 671 1931 funereos
697 1901 765 1931 sine
789 1901 863 1941 lege
888 1901 977 1932 cibos
1002 1901 1034 1931 in
1058 1904 1160 1932 morte
1186 1901 1320 1940 futurus,

368 1952 418 1978 365
523 1963 598 1983 mox
622 1953 705 1994 sapit
728 1952 852 1990 infelix,
878 1953 954 1994 quid
978 1964 1122 1994 pravum,
1147 1953 1222 1994 quid
1246 1953 1288 1983 sit
1312 1953 1493 1984 honestum:

523 2004 652 2046 cognita
676 2004 865 2046 simplicitas
891 2008 922 2035 et
946 2015 1021 2035 mox
1046 2007 1096 2036 est
1120 2004 1216 2035 corde
1240 2004 1362 2045 fugata.

214 2132 263 2158 334
283 2134 429 2158 imbrium-is
449 2133 489 2157 M¹
564 2134 637 2158 iuber
654 2133 672 2164 (i
691 2134 778 2165 crasa)
799 2134 822 2158 L
905 2133 955 2159 337
975 2135 1126 2159 constructis
1149 2134 1194 2164 ΕΩ
1281 2134 1331 2159 338
1349 2136 1510 2159 substentam
1532 2135 1557 2164 (b
1577 2134 1669 2164 deleta)
1689 2135 1716 2159 F

112 2175 161 2201 339
184 2181 281 2201 armata
305 2177 353 2207 LQ
432 2177 565 2210 p(r0)fe1·1·e
588 2178 613 2201 P
714 2177 765 2203 340
789 2178 862 2202 habet
887 2178 908 2202 G
1002 2186 1075 2202 omne
1100 2187 1181 2210 genus
1207 2180 1317 2202 serarum
1343 2177 1444 2207 (litteris
1470 2182 1581 2202 correcto
1606 2177 1707 2207 ordine)
1726 2178 1757 2201 fl!

147 2218 195 2243 341
216 2228 330 2244 seamoso
350 2220 467 2244 omissum
486 2229 502 2244 a
520 2229 599 2244 manu
613 2221 702 2251 prima
721 2221 897 2252 superscripsi!
912 2220 949 2244 F²
1036 2220 1086 2245 343
1104 2221 1230 2245 mollitum
1250 2221 1323 2251 [ΟΖ
1338 2221 1395 2245 edd.
1410 2229 1484 2252 pars.
1571 2219 1622 2244 344
1640 2221 1755 2244 Fundere

112 2263 159 2287 sub
179 2263 252 2287 deute
271 2271 364 2295 parans
383 2264 465 2295 ipsum
484 2267 543 2288 ante
563 2264 648 2295 palato
668 2264 701 2287 ΠΙ
764 2265 872 2288 Munera
891 2265 938 2289 suh
958 2264 1032 2288 deute
1052 2264 1074 2287 Z
1142 2263 1192 2288 346
1212 2266 1280 2288 fonte
1295 2264 1324 2287 M
1393 2263 1442 2288 347
1466 2264 1555 2288 sceleri
1573 2263 1645 2293 LQZ
1712 2272 1756 2295 per

112 2314 159 2330 om.
174 2306 212 2329 Μ’
285 2314 359 2338 quem
374 2306 421 2336 LQ
507 2305 557 2331 348
575 2311 674 2331 reatum
694 2306 780 2337 MLQ,
804 2310 876 2331 reatu
896 2307 952 2338 FP,
976 2311 1061 2331 reatus
1081 2307 1105 2330 Z
1119 2307 1176 2331 eddi
1255 2306 1303 2331 351
1324 2305 1375 2338 sed]
1396 2308 1417 2331 St
1439 2307 1460 2337 Q
1541 2305 1591 2331 353
1615 2307 1755 2331 Insidiosus

113 2349 196 2373 suadit
213 2348 262 2379 LQ
340 2348 391 2374 355
409 2353 536 2374 reseratur
555 2350 584 2374 M
671 2349 721 2374 358
740 2351 822 2375 exacti
842 2350 876 2381 (L
884 2350 905 2382 2)
924 2350 980 2375 eald.
1052 2351 1138 2382 spacio
1158 2350 1182 2374 Z
1196 2350 1254 2375 edd.
1335 2349 1386 2374 360
1403 2354 1481 2382 caput
1502 2350 1523 2380 (2
1603 2348 1653 2374 362
1672 2351 1708 2374 Ne
1727 2349 1760 2372 ΠΙ

145 2391 290 2417 363-420
313 2392 403 2417 desunt
427 2393 454 2417 *in
479 2393 553 2423 LQZ
567 2393 624 2418 edd.
645 2393 748 2417 Morelz'i
772 2393 866 2418 Imm·
957 2393 1008 2418 363
1028 2397 1137 2418 mentem
1155 2392 1189 2425 (m
1208 2394 1298 2417 ultima
1316 2392 1400 2425 erasa)
1419 2393 1446 2416 F
1529 2391 1579 2417 365
1597 2395 1660 2424 aput
1677 2391 1754 2423 (cumn

114 2444 132 2459 n
155 2435 231 2467 sapit)
251 2435 282 2459 M
349 2436 404 2469 quit
422 2444 530 2468 prauum
550 2436 581 2460 Δ1]
648 2435 729 2470 11111ᾓῦ
744 2435 780 2460 F¹

214 2823 374 2848 SCRIPTORES
392 2824 581 2852 Annomssuu
595 2825 655 2848 XIV
670 2824 691 2849 1.
1534 2819 1549 2845 7
