2106 3061
732 167 765 192 lI.
802 167 915 193 INDEX
933 168 1144 195 VERBORVM.

148 259 199 285 per
229 251 257 276 te
289 250 347 276 fero
380 250 482 276 damna.
511 250 625 284 pudoris
658 252 724 286 (fere
754 253 771 278 i.
802 262 824 287 q.
855 253 909 286 ob).

183 285 214 310 in
233 285 424 311 obsecratione:
445 284 489 311 Or.
506 289 553 311 740
566 293 615 319 per
628 286 702 318 haec,
721 295 798 320 puer,
816 287 909 318 ubera,

149 327 239 352 parce,
258 326 307 352 per
326 327 438 352 superos
457 338 463 344 .
477 338 483 344 .
497 339 512 350 .,
531 327 581 353 per
599 328 662 347 cara
681 321 780 347 sororis
797 323 909 355 pectora

170 373 176 379 .
192 373 197 379 .
217 355 246 379 et
263 361 312 386 per
329 353 454 385 Pyladen
473 373 496 379 ..
512 373 517 379 .
537 355 631 380 testor.
692 355 723 380 de
741 355 807 381 loco:
826 360 847 386 1,
862 359 909 381 122

149 395 198 421 per
223 388 323 413 cuncta
345 388 413 420 (228.
437 390 498 413 292.
523 390 581 414 348.
600 391 623 420 2,
637 392 676 415 82.
696 389 732 414 H
740 392 792 416 153.
818 389 859 415 VI
867 393 908 415 65.

148 421 210 447 VII
221 424 262 448 98.
288 421 364 446 VIII
376 425 432 447 491.
456 421 487 447 X
503 426 559 448 100.
578 426 633 449 165.
663 422 705 449 Or.
724 425 787 456 121).
824 428 846 456 1,
860 427 909 450 288

148 455 223 489 repit
235 455 357 489 squamis
370 463 419 489 per
432 456 537 482 viscera
550 464 669 490 serpens.
708 461 730 489 2,
745 461 779 484 83
797 458 909 490 spiritus

149 491 231 524 parat
257 497 307 523 per
329 489 434 515 viscera
458 490 568 516 Mariae
591 499 689 525 corpus
719 491 823 518 Christi.
864 495 909 518 116

149 533 199 558 per
223 524 299 550 mille
322 525 454 550 catervas.
493 527 540 551 399
561 527 726 552 revocantur
748 534 837 559 aquae
859 534 909 560 per

150 558 254 584 viscera
274 560 364 584 terrae
382 557 483 592 (911οὲ).
519 562 572 585 283
590 560 657 593 quid
676 561 772 586 nocuit
785 569 833 594 per
845 569 908 587 rura

148 592 247 626 lepus?
286 595 310 624 3,
324 595 371 618 213
392 594 505 626 captum
532 602 581 627 per
610 594 681 620 colla
709 595 824 621 leonem.
861 598 907 620 221

148 627 267 653 Taurica
289 635 339 660 per
362 627 476 653 Colchos
500 647 526 654 ..
539 648 545 653 .
569 636 626 654 ara.
662 631 685 661 3,
701 632 746 655 713
764 637 813 663 per
831 631 907 655 artus

147 661 190 693 (V
201 664 239 688 65.
267 660 310 687 Or.
327 663 392 692 231).
433 664 483 687 sat.
504 666 532 687 11
554 670 604 696 per
626 663 737 696 singula
762 663 822 697 (Or.
839 664 907 697 309).

146 698 195 721 267
206 703 255 729 per
273 696 410 721 aetherias
422 696 518 729 aquila
530 697 667 723 volitante
679 698 799 731 rapinas.
842 697 908 724 V39

146 737 196 763 per
214 729 317 756 urbem.
362 734 398 756 65.
419 734 462 756 141
481 739 531 764 per
549 731 655 764 templa
675 733 744 763 (243.
765 732 843 757 VIII
851 734 905 758 143.

149 764 180 789 X
190 767 230 790 10.
252 767 289 790 70.
309 767 365 790 205.
385 767 439 790 262.
477 766 522 791 Or.
536 769 591 791 194.
611 766 677 799 465).
713 770 761 792 315
774 775 824 799 per
837 767 907 792 colla

146 799 160 830 (
164 797 241 824 VIII
246 803 297 825 111.
311 802 367 825 160.
382 801 436 825 353.
452 802 508 825 556.
527 799 575 825 IX
586 803 641 826 178.
663 800 706 826 Or.
717 804 757 827 60.
770 804 825 827 229.
839 803 906 832 644).

145 832 186 858 VI
197 835 230 859 34
245 841 296 866 per
316 833 431 859 moenia.
474 833 534 858 VII
547 836 581 859 34
604 842 654 867 per
676 836 765 868 prata.
809 838 841 861 36
858 843 908 869 per

146 868 237 892 castra
255 867 315 900 (IX
326 871 378 893 101.
399 868 464 900 145).
508 867 621 894 VII112
643 877 692 902 per
715 889 720 894 .
739 889 744 895 .
767 889 772 895 .
791 870 906 903 palatia.

145 904 194 927 150
206 909 255 935 per
268 901 363 927 undas.
400 901 475 927 VIII
478 906 521 928 111
534 910 583 936 per
596 911 651 928 ora.
688 906 739 930 353
748 912 797 936 per
809 913 906 930 armos.

145 938 196 962 408
214 943 263 969 per
282 944 400 969 campos
445 939 498 962 453
516 945 565 970 per
583 937 673 963 litora.
719 942 771 964 468
789 947 839 972 per
857 939 907 963 im-

147 977 279 996 mensum.
315 974 363 996 577
379 978 428 1003 ρει·
447 970 534 996 devia.
571 974 617 997 614
629 979 678 1004 per
690 972 769 998 freta.
806 973 854 998 IX
862 977 906 999 101

145 1012 196 1038 per
215 1005 312 1030 castra.
358 1007 405 1031 135
423 1013 473 1038 per
490 1005 612 1031 flumina.
657 1006 732 1032 X98
751 1015 800 1040 per
823 1007 906 1033 inane

144 1040 210 1070 (118.
229 1042 286 1065 465.
309 1040 377 1071 565),
422 1042 468 1065 112
486 1039 563 1065 volat
581 1060 586 1065 .
601 1059 626 1066 ..
646 1049 696 1073 per
721 1041 817 1066 altum.
862 1045 907 1067 171

145 1081 195 1107 per
208 1072 351 1106 Scythicas
370 1073 481 1106 glacies.
518 1078 566 1099 199
584 1082 633 1107 ρει·
652 1076 727 1101 tecta
744 1076 823 1108 (305).
862 1075 906 1102 Or.

144 1110 195 1134 827
206 1115 255 1141 ρει·
267 1109 374 1133 secreta
387 1107 491 1134 domus.
530 1112 588 1134 836.
608 1112 658 1135 923
670 1117 719 1143 per
733 1110 822 1136 eorda.
875 1110 906 1136 de

144 1144 273 1175 tempore:
292 1146 312 1172 1,
323 1145 370 1168 669
386 1150 435 1175 per
447 1142 537 1168 sidera
549 1143 566 1168 i.
580 1146 666 1169 noctu.
703 1147 766 1175 3,27
778 1153 827 1178 per
840 1145 906 1170 tem-

144 1184 211 1210 pora
223 1176 301 1209 (306).
337 1178 386 1202 sat.
399 1180 431 1202 52
443 1185 547 1210 perque
560 1185 622 1203 suas
635 1178 726 1211 proles
740 1179 755 1204 i.
769 1179 906 1211 nepotibus

144 1211 325 1243 regnantibus.
362 1210 388 1236 V
400 1215 429 1237 11
446 1220 496 1245 per
514 1212 620 1244 proelia
638 1211 697 1244 (Or.
710 1215 776 1245 333).
811 1213 866 1239 VII
874 1217 906 1240 58

144 1252 195 1278 per
223 1244 294 1271 festa
325 1245 439 1278 iugalia.
486 1245 563 1271 VIII
578 1249 624 1272 129
653 1255 703 1280 ρει·
735 1247 806 1273 bella
837 1249 905 1279 (630.

144 1279 195 1304 IX
205 1282 244 1305 68.
265 1279 309 1305 Or.
324 1281 392 1312 344).
429 1282 479 1305 237
495 1288 544 1313 per
563 1282 669 1307 cuncta.

723 1282 848 1313 repetitur
856 1290 906 1314 per

145 1313 324 1346 anaphoram:
350 1313 373 1339 V
388 1317 422 1340 65
440 1322 488 1347 per
510 1315 643 1346 membra,

667 1323 717 1348 per
735 1318 819 1343 artus,
856 1319 907 1342 243

144 1355 194 1382 per
217 1348 322 1382 templa
340 1348 425 1379 Iovis,
452 1356 501 1382 per
524 1349 629 1382 templa
646 1349 794 1377 Minervae.
835 1350 911 1377 VHI

142 1386 186 1408 111
204 1390 253 1415 per
272 1382 351 1414 colla,
369 1390 419 1416 per
431 1391 486 1409 ora.
520 1386 570 1410 353
582 1392 631 1417 per
645 1384 725 1416 colla,
744 1393 794 1418 per
808 1393 905 1411 armos.

146 1416 178 1441 X
188 1419 220 1442 39
231 1425 281 1450 per
299 1417 378 1448 freta,
397 1425 447 1450 per
460 1438 465 1443 .
478 1437 483 1443 .
496 1438 501 1443 .
514 1418 657 1451 procellas.
686 1422 716 1445 70
730 1427 780 1452 per
793 1420 905 1453 templa,

143 1459 193 1484 per
211 1459 280 1477 aras.
321 1450 365 1477 Or.
379 1454 427 1477 609
445 1459 494 1485 per
513 1453 577 1485 tela,
597 1461 647 1486 per
664 1453 742 1486 ignes
761 1454 806 1486 (cf.
820 1457 905 1487 nota).

145 1487 194 1511 836
211 1493 261 1519 per
279 1485 357 1516 freta,
376 1493 426 1519 per
444 1494 563 1520 campos,
582 1495 631 1520 per
650 1487 739 1514 silvas.

109 1520 248 1554 perago]
268 1523 290 1551 2,
303 1523 349 1546 137
366 1520 419 1546 iter
432 1540 438 1545 .
450 1540 471 1546 ..
486 1521 596 1554 peregit
608 1522 677 1554 (800.
702 1521 745 1547 Or.
761 1522 826 1554 639).
856 1525 906 1549 300

143 1556 283 1588 peragunt
296 1575 302 1581 .
314 1575 319 1580 .
331 1575 335 1580 .
351 1553 445 1580 civilia
458 1554 533 1580 bella
542 1558 576 1588 (3,
587 1558 643 1582 333.
656 1559 714 1582 502.
731 1556 830 1588 V202).
855 1560 905 1582 476

301 1609 306 1615 .
326 1591 469 1622 peractum
483 1589 573 1623 (qur.
594 1590 663 1615 Gall.
676 1598 735 1623 qen.
751 1592 834 1624 1338).
855 1594 905 1617 634

143 1622 185 1648 vis
203 1624 331 1649 materna
343 1625 457 1656 peracta
475 1624 491 1649 i.
505 1624 634 1656 absoluta,
650 1625 829 1656 pesszmzdata.
857 1629 905 1651 664

142 1657 250 1683 facinus
269 1677 275 1683 .
289 1677 294 1683 .
309 1678 315 1683 .
335 1657 451 1691 peregit.
496 1661 519 1690 3,
531 1662 578 1684 519
606 1659 673 1691 quid
701 1680 706 1686 .
723 1679 747 1686 ..
776 1659 905 1686 Lucretia

144 1712 150 1718 .
165 1712 188 1718 ..
208 1692 325 1726 peregit.
367 1696 413 1718 575
436 1692 512 1718 nefas
532 1713 536 1718 .
552 1713 576 1718 ..
596 1695 747 1726 peractum.
791 1697 841 1720 623
859 1694 905 1719 de-

142 1725 211 1752 licta
240 1734 305 1760 pere
326 1726 344 1752 i.
394 1726 438 1753 Or.
463 1730 513 1752 566
547 1728 678 1753 nascendi
711 1728 772 1754 iura
802 1729 904 1762 peregi.

176 1768 197 1786 c.
210 1760 277 1792 ἐπίῃ·
325 1769 345 1787 ν.
358 1764 405 1787 562
422 1762 435 1776 *
446 1761 556 1795 peregit
574 1781 579 1786 .
595 1782 600 1787 .
615 1781 620 1786 .
640 1764 760 1795 portare.

108 1795 267 1829 peragro]
298 1795 376 1821 VIII
388 1799 436 1822 228
462 1796 559 1821 Dorica
578 1804 665 1829 regna
683 1805 814 1830 peragras
833 1797 904 1823 navi.

143 1829 175 1854 X
187 1833 236 1855 401
260 1837 353 1855 mense
377 1838 519 1864 peragras,
538 1838 553 1855 0
571 1830 648 1862 lana,
676 1831 777 1857 Phoebi
799 1839 905 1857 cursum

144 1588 232 1614 scelus
252 1609 257 1614 .
275 1609 280 1615 .

143 1871 275 1889 annuum.

108 1898 269 1932 percello]
283 1897 349 1924 Mer.
356 1900 423 1930 poet.
435 1902 480 1924 114
491 1898 583 1924 ducem
593 1899 713 1932 perculit
722 1899 799 1924 ensis.
821 1899 903 1925 Drac.

142 1935 166 1964 3,
179 1935 231 1958 344
248 1934 342 1958 natam
363 1932 481 1966 perculit
494 1941 565 1958 ense.
601 1933 710 1959 VIII21
729 1934 776 1966 qui
795 1933 905 1960 moenia

144 1966 243 1992 Troiae
264 1967 390 2000 perculit.
429 1969 478 1993 309
496 1967 615 2000 patriam
629 1968 675 2000 qui
690 1967 809 2002 perculit
823 1968 904 1994 hosti.

142 2003 193 2027 397
208 2001 363 2034 percellunt
383 2001 442 2034 (per
454 2002 560 2027 coelum
578 2001 657 2035 trad.)
672 2002 785 2028 carbasa
798 2002 903 2028 fluctus.

145 2034 190 2061 Or.
207 2040 250 2062 191
268 2035 389 2069 perculit
406 2035 513 2061 hostem
539 2035 644 2068 (Claud.
658 2041 694 2068 15,
710 2038 759 2069 16).
796 2037 869 2071 Ech.
883 2045 902 2062 c.

142 2072 166 2102 8,
179 2072 213 2096 33
231 2070 357 2103 perculsa
376 2070 475 2101 (-clusa
493 2070 574 2102 trad.)
594 2071 732 2104 superbia.

109 2103 274 2138 percipio]
294 2107 317 2137 3,
331 2107 380 2130 678
400 2113 514 2130 munera
532 2105 683 2138 percipiam
699 2105 839 2139 (pcipuuni
862 2103 902 2137 C).

108 2139 296 2172 percussor]
317 2138 367 2164 IX
380 2142 409 2164 77
424 2139 521 2165 subscr.
542 2148 727 2172 percussorem
747 2139 876 2164 Patrocli.

109 2173 275 2206 percutio]
294 2176 317 2205 3,
327 2176 378 2199 238
395 2182 553 2207 percussum
574 2174 697 2199 fulmine.
727 2177 774 2200 375
786 2173 847 2206 quis
862 2193 866 2198 .
880 2193 902 2198 ..

144 2208 300 2240 percuteret
323 2227 328 2233 .
348 2227 354 2233 .
375 2228 379 2233 .
404 2209 496 2241 caput.
533 2208 581 2233 IV
597 2211 629 2234 33
652 2208 755 2234 totiens
774 2215 903 2241 percussa

143 2242 201 2267 lues
220 2241 237 2268 i.
255 2241 348 2275 hydra.
392 2242 480 2269 V156.
506 2246 552 2268 158
577 2242 664 2269 iacuit
682 2251 825 2276 percussus
844 2241 901 2273 (Or.

143 2278 214 2308 842).
249 2279 300 2302 304
323 2277 440 2310 pignore
463 2285 599 2310 percusso.
638 2277 697 2303 VII
715 2281 746 2302 29
768 2279 903 2309 tympana

143 2329 150 2335 .
164 2329 170 2336 .
184 2330 190 2336 .
209 2311 369 2343 percutiant
391 2311 500 2344 palmis.
538 2311 626 2338 X525
644 2314 779 2345 tympana
803 2311 903 2344 plausu

144 2345 313 2378 percutiunt.
352 2345 432 2372 VIII
449 2349 498 2371 426
524 2345 599 2371 unda
626 2365 632 2372 .
651 2367 656 2372 .
675 2366 680 2371 .
706 2345 822 2379 puppim
842 2353 903 2378 per-

144 2379 229 2404 cussit
247 2379 334 2412 aquis.
374 2379 418 2406 Or.
430 2382 478 2406 392
502 2388 644 2413 percussus
670 2380 736 2406 obit.
773 2383 822 2405 495
840 2387 902 2412 par-

143 2413 244 2446 ticipes
263 2414 394 2439 scelerum
414 2414 580 2447 percusserit
604 2423 673 2440 ense.
709 2418 756 2440 522
775 2421 903 2447 percussa

143 2447 234 2474 fronte
253 2447 377 2481 bipenni.
413 2452 458 2475 621
470 2449 593 2482 percutit
607 2449 742 2475 absentes.
778 2452 823 2474 691
842 2456 903 2481 per-

144 2490 249 2508 cussam
269 2502 275 2508 .
289 2502 294 2508 .
308 2502 314 2508 .
333 2483 399 2508 ictu.
437 2487 483 2508 772
496 2491 639 2516 percussus
653 2483 744 2509 obisti.
781 2486 829 2509 879
842 2491 903 2515 per-

144 2524 222 2575 [cussa
244 2516 335 2543 fronte
357 2517 485 2550 stupendi
506 2517 620 2551 signum.
657 2521 705 2544 902
723 2516 903 2551 percutienda

152 2550 197 2576 'uit
214 2558 268 2576 rea.

110 2584 222 2618 perdo]
243 2585 384 2618 Merzpoet.
396 2588 411 2611 9
422 2585 546 2619 perdidit
559 2586 587 2611 et
598 2594 686 2611 mores
699 2585 790 2611 tellus.
818 2585 902 2611 Drac.

145 2623 167 2650 1,
179 2622 227 2645 492
245 2619 386 2652 pudorem,
411 2620 590 2653 perdiderant
609 2628 688 2653 quem
708 2620 804 2646 fraude
824 2619 902 2645 truci.

146 2657 196 2679 549
214 2654 271 2679 otia
290 2653 403 2680 delicias
421 2654 549 2687 perdunt.
584 2658 607 2686 2,
621 2657 653 2680 58
675 2654 697 2680 si
717 2654 830 2688 perdere
848 2654 904 2679 ius-

146 2687 212 2713 seris
236 2687 330 2714 orbem
352 2688 487 2714 ministros
508 2691 574 2714 tuos.
620 2692 652 2714 96
679 2697 734 2714 non
757 2689 819 2714 vult
841 2696 903 2721 per-

144 2721 208 2748 dere
232 2722 373 2748 mundum.
409 2726 462 2749 406
479 2731 514 2749 ne
533 2723 660 2756 perderet
682 2731 761 2748 usum
782 2722 903 2749 criminis

143 2756 271 2782 inluvies.
306 2760 355 2783 413
374 2765 407 2782 ne
426 2757 555 2790 perderet
572 2757 664 2783 orbem
683 2757 757 2783 (Zeus.
793 2760 839 2783 513
857 2756 903 2782 do-

145 2791 192 2823 los,
212 2791 312 2824 quibus
331 2791 458 2825 improba
475 2791 574 2824 perdat
592 2791 738 2818 insontem.
777 2795 823 2818 518
842 2799 905 2824 pars

1694 176 1752 206 387

994 253 1114 286 pretium
1144 254 1248 287 perdit,
1285 255 1377 288 perdit
1407 264 1469 288 pars
1500 256 1588 283 altera
1623 266 1750 285 mercem.

996 290 1019 318 3,
1032 291 1065 313 49
1083 288 1155 314 bona.
1173 307 1198 314 ..
1213 308 1218 314 .
1238 289 1358 322 perdere.
1395 293 1427 315 50
1451 291 1571 323 perdunt
1588 292 1666 318 bona.
1702 297 1753 319 sat.

994 324 1042 347 185
1069 322 1238 354 perdidimus
1266 323 1317 348 hac
1345 324 1405 349 luce
1431 324 1511 350 diem.
1555 328 1605 351 233
1628 327 1754 353 novimus

994 357 1069 380 astra
1083 356 1138 389 poli
1152 356 1290 382 confectos
1303 358 1417 390 perdere
1430 359 1458 389 (ι’.
1472 359 1630 392 relinquere)
1649 370 1751 388 cursus.

998 388 1042 415 Or.
1055 392 1101 415 143
1113 391 1227 423 perdite,
1248 399 1280 416 ne
1298 393 1394 424 pereat
1413 412 1418 417 .
1433 412 1438 418 .
1453 413 1458 418 .
1477 393 1588 419 fructus.
1622 398 1672 420 268
1685 404 1752 428 aper

1015 444 1019 449 .
1035 443 1040 448 .
1060 424 1152 457 perdit
1171 433 1269 451 vacuos
1289 446 1313 451 ..
1329 445 1334 450 .
1353 426 1432 452 ictus.
1472 430 1516 452 746
1540 427 1635 454 inanes
1660 430 1751 462 perdis

994 457 1120 483 lacrimas
1139 459 1184 489 (cf.
1198 460 1281 491 nota).

960 492 1114 526 perduro]
1135 493 1208 527 Ewy.
1221 497 1270 519 sat.
1285 497 1314 519 18
1332 493 1511 527 perduratum
1532 503 1577 520 cor
1591 496 1749 524 Pharaonis.

959 534 977 559 p
988 526 1177 560 eregrinus]
1199 527 1265 553 Mer.
1275 535 1346 560 pros.
1362 532 1374 553 1
1388 528 1414 553 A
1428 532 1457 553 12
1490 529 1647 562 pe)regrina
1667 531 1753 557 Lace-

994 560 1199 586 daemoniorum
1224 582 1229 587 .
1248 581 1253 587 .
1272 581 1279 587 .
1303 562 1423 587 nomina.
1495 570 1546 588 rac.
1566 567 1589 595 2,
1603 568 1652 590 443
1674 574 1753 598 pere-

992 594 1073 654 grint}⁴
1092 595 1202 628 (matr.)
1218 603 1312 621 merces
1325 599 1454 622 externas.
1493 597 1578 623 X198
1591 599 1754 632 peregrinus

1015 648 1039 654 ..
1073 637 1148 655 ason.

958 663 1125 697 perennis]
1145 663 1214 689 Mer.
1230 662 1326 690 Christ.
1341 667 1372 690 25
1390 665 1504 697 perenni
1527 665 1629 692 ordine.
1666 666 1752 693 Drac.

992 701 1014 728 1,
1030 700 1059 722 21
1087 697 1181 723 laudes
1210 697 1267 723 sine
1295 698 1348 723 fine
1376 707 1508 731 perennes
1537 700 1571 731 (2,
1583 703 1614 726 81
1640 701 1674 731 cf.
1695 702 1751 727 Alc.

992 731 1225 764 Avit.e.4,191).
1270 735 1319 757 603
1345 733 1421 758 fonte
1449 734 1570 766 perenni.
1618 737 1664 760 737
1690 736 1753 769 lege

993 766 1107 798 perenni
1126 767 1162 799 (2,
1179 769 1212 792 20
1231 766 1279 791 sub
1293 766 1309 792 l.
1325 775 1349 799 p.
1366 767 1425 792 VII
1434 768 1487 800 56).
1519 771 1542 800 2,
1557 772 1607 794 106
1624 771 1753 801 perennis

992 800 1109 832 spiritus.
1154 804 1201 826 256
1223 800 1300 825 clade
1324 801 1436 834 perenni
1461 803 1527 833 (483.
1554 807 1575 832 1,
1589 805 1658 835 467).
1704 807 1754 830 536

992 834 1052 859 vita
1072 835 1200 868 perennis
1216 834 1339 860 evaristus.
1376 838 1398 867 3,
1415 839 1447 861 99
1465 844 1583 869 perenne
1602 845 1660 869 opp.
1682 839 1754 871 peri-

993 869 1062 893 tura.
1102 868 1146 894 Or.
1156 872 1208 894 408
1221 869 1356 894 tumulum
1372 890 1377 895 .
1388 889 1394 895 .
1406 889 1410 895 .
1425 872 1489 903 post
1504 870 1584 896 busta
1598 879 1753 904 perennem.

992 902 1063 936 Euy.
1076 910 1095 928 c.
1108 907 1130 933 5,
1144 907 1171 928 11
1190 903 1331 936 perennia,
1350 911 1409 936 opp.
1429 904 1538 930 caduca.

958 937 1166 971 perennitas]
1186 937 1256 969 Eury.
1271 937 1342 969 epist.
1356 941 1378 969 3,
1391 941 1406 962 2
1419 940 1553 971 perpetua
1566 940 1748 972 perennitate.

958 971 1072 1006 pereo]
1098 971 1167 997 Mer.
1183 974 1253 1004 poet.
1270 975 1301 997 52
1324 973 1502 1006 revere(ntia)
1600 974 1679 1006 perit.
1717 978 1750 1001 68

993 1007 1163 1038 pereunt...
1179 1006 1306 1039 (hastae).
1336 1008 1366 1032 93
1384 1009 1479 1039 pereat
1498 1007 1635 1034 facundia.
1665 1008 1747 1034 Drae.

992 1044 1014 1071 1,
1025 1043 1074 1066 606
1083 1048 1137 1065 non
1152 1041 1245 1065 tamen
1258 1040 1399 1066 intereunt
1412 1041 1557 1074 pereuntia
1570 1042 1630 1075 lege
1642 1042 1747 1068 diurna.

992 1077 1039 1099 672
1057 1074 1128 1099 diem
1148 1075 1303 1107 periturum
1321 1074 1409 1100 noctis
1428 1075 1468 1100 ab
1488 1076 1599 1102 umbris.
1635 1079 1681 1102 673
1700 1086 1748 1101 ιιιι·

992 1116 1054 1133 rora
1079 1108 1117 1134 de
1141 1109 1197 1134 sole
1222 1109 1302 1142 perit.
1338 1112 1361 1140 2,
1376 1112 1420 1135 135
1441 1110 1531 1141 fluxas
1555 1111 1696 1142 sanguinis
1716 1111 1749 1137 de

993 1143 1107 1168 muliere
1130 1143 1211 1176 perit.
1249 1146 1296 1168 281
1321 1143 1403 1168 vinea
1421 1152 1455 1168 ne
1475 1145 1570 1176 pereat
1588 1145 1638 1170 sub
1657 1153 1748 1171 morsu

994 1177 1086 1203 dentis
1099 1177 1209 1203 adunci.
1240 1180 1292 1203 483
1304 1177 1417 1210 agmina
1430 1178 1590 1204 caelicolum
1604 1180 1753 1212 pereuntia

994 1211 1071 1237 clade
1101 1211 1224 1244 perenni.
1272 1215 1321 1237 489
1350 1211 1414 1237 solis
1445 1214 1577 1245 pereunte
1607 1213 1658 1239 die.
1706 1217 1753 1239 513

994 1246 1104 1278 quaerit
1121 1245 1245 1279 peritura
1270 1245 1353 1276 dolos,
1373 1246 1472 1279 quibus
1492 1267 1496 1272 .
1512 1267 1536 1273 ..
1556 1247 1662 1280 perdat.
1701 1251 1754 1273 590

993 1281 1109 1313 pereant
1132 1280 1265 1306 Saturnus
1292 1281 1320 1305 et
1338 1282 1430 1306 Arcas.
1467 1284 1516 1306 646
1534 1282 1609 1315 rugis
1634 1290 1753 1315 pereun-

993 1314 1075 1340 tibus.
1109 1317 1154 1340 811
1167 1314 1272 1340 diluvio
1290 1314 1396 1348 periere
1410 1316 1469 1345 (sat.
1485 1317 1551 1347 285).
1581 1319 1604 1348 3,
1619 1320 1668 1342 100
1680 1317 1751 1349 peri-

993 1350 1055 1374 tura
1082 1356 1140 1381 opp.
1169 1357 1295 1382 perenne.
1336 1351 1383 1374 sat.
1403 1352 1449 1374 142
1475 1350 1549 1382 perit
1575 1350 1616 1376 ira
1643 1351 1752 1376 cadens.

993 1383 1069 1408 VIII
1079 1386 1130 1409 200
1155 1383 1244 1417 periet
1267 1403 1273 1409 .
1288 1403 1293 1408 .
1307 1403 1313 1409 .
1335 1383 1427 1409 iudex.
1468 1385 1511 1410 Or.
1531 1387 1576 1409 169
1597 1385 1686 1417 periet
1705 1405 1730 1410 ..
1747 1406 1752 1411 .

992 1425 1075 1443 amor.
1112 1419 1164 1443 343
1183 1419 1269 1443 morte
1292 1417 1395 1450 periret
1412 1418 1480 1449 (346.
1506 1417 1641 1451 VIII44).
1678 1418 1748 1452 Euy.

993 1459 1051 1484 app.
1066 1454 1108 1484 49,
1121 1454 1154 1477 18
1173 1453 1272 1477 cuncta
1291 1451 1371 1477 simul
1391 1452 1506 1485 perient.

958 1485 1102 1519 perfero]
1124 1485 1192 1511 Mer.
1212 1485 1304 1511 Christ.
1323 1490 1350 1511 11
1369 1486 1489 1519 corporis
1508 1486 1589 1512 huius
1602 1486 1749 1512 dissimiles

992 1520 1113 1554 perferre
1133 1520 1234 1546 modos.
1271 1519 1354 1546 Drac.
1368 1525 1389 1551 1,
1404 1524 1456 1546 457
1473 1521 1566 1545 hortus
1584 1521 1670 1547 nescit
1689 1529 1751 1554 per-

993 1556 1062 1580 ferre
1081 1554 1212 1580 volucres.
1251 1557 1274 1583 2.
1287 1558 1336 1581 410
1353 1555 1471 1588 pertulit
1489 1555 1542 1580 ista
1561 1554 1623 1580 deas
1642 1575 1647 1580 .
1662 1575 1667 1580 .
1683 1575 1688 1581 .
1708 1556 1751 1580 in—

993 1598 1067 1622 pune
1085 1589 1190 1622 vagari.
1226 1589 1269 1613 VI
1279 1592 1310 1614 15
1329 1588 1433 1614 bellum
1453 1609 1458 1615 .
1473 1609 1478 1614 .
1492 1609 1497 1614 .
1518 1590 1644 1622 perferre.
1678 1589 1707 1614 X
1720 1595 1750 1615 41

992 1632 1063 1656 quae
1089 1631 1161 1649 nova
1189 1623 1322 1656 perferret
1348 1623 1464 1656 pelagus
1490 1623 1526 1648 ad
1553 1623 1666 1649 Colchos.
1704 1628 1752 1649 195

993 1666 1041 1691 per
1059 1666 1120 1683 aras
1139 1657 1216 1690 virgo
1302 1660 1388 1683 molas
1412 1658 1522 1691 perfert.
1561 1657 1605 1683 Or.
1620 1661 1672 1684 448
1692 1666 1753 1691 per·

992 1692 1060 1717 tulit
1079 1699 1148 1717 urna
1166 1692 1242 1717 duos.

958 1726 1116 1760 perficio]
1143 1730 1166 1758 2,
1188 1729 1233 1752 794
1265 1734 1314 1751 sua
1345 1725 1493 1758 promissor
1525 1726 1640 1759 perfecit
1667 1727 1750 1752 verba.

994 1760 1090 1786 fidelis.
1138 1763 1160 1792 3,
1174 1763 1228 1786 487
1243 1760 1317 1793 quod
1341 1762 1421 1785 tanta
1444 1769 1541 1785 manus
1563 1769 1618 1786 non
1641 1762 1682 1787 est
1706 1761 1752 1786 ad-

993 1803 1086 1828 gressa
1109 1795 1240 1827 virorum,
1261 1815 1266 1820 .
1285 1814 1290 1820 .
1310 1815 1315 1820 .
1335 1794 1451 1827 per-fecit
1473 1794 1576 1820 femina
1598 1795 1662 1820 sola.
1704 1797 1753 1820 493

993 1831 1104 1862 sperata.
1113 1829 1186 1859 licet,
1198 1837 1251 1854 non
1263 1830 1303 1854 est
1314 1830 1435 1861 perfecta
1445 1828 1538 1855 libido.
1566 1832 1615 1854 553
1624 1829 1753 1855 ministra

993 1863 1101 1896 perficit
1118 1864 1252 1889 iniuncta.
1294 1863 1354 1888 VII
1363 1867 1395 1889 50
1413 1863 1549 1888 medicina
1563 1863 1674 1889 cerastis
1689 1872 1752 1896 per-

993 1898 1090 1924 ficitur.
1130 1897 1218 1923 X469
1230 1897 1302 1930 quod
1317 1906 1398 1930 maga
1412 1917 1417 1923 .
1429 1917 1434 1922 .
1447 1917 1452 1923 .
1466 1906 1528 1923 mox
1542 1897 1655 1930 perficit.
1706 1897 1751 1923 Or.

995 1936 1044 1958 928
1062 1932 1185 1965 perfecta
1204 1933 1326 1965 potestas
1345 1932 1426 1964 (955).

958 1967 1121 2000 perfidus]
1140 1969 1163 1997 3,
1177 1970 1224 1992 418Ι
1243 1965 1347 1999 perfida
1370 1986 1375 1992 .
1395 1986 1423 1992 ..

994 2001 1097 2034 perfida
1116 2022 1121 2026 .
1136 2021 1141 2026 .
1155 2020 1161 2026 .
1181 2002 1271 2026 turba.

958 2035 1079 2069 perflo]
1103 2040 1124 2066 1,
1139 2038 1192 2060 240
1213 2034 1368 2068 perflabant
1394 2033 1506 2059 naribus
1530 2033 1618 2059 undas
1642 2034 1747 2067 pristes.

998 2069 1042 2095 VI
1053 2073 1084 2095 69
1113 2069 1226 2095 calamis
1253 2068 1367 2101 perflare
1396 2068 1489 2094 melos.
1531 2068 1589 2093 VII
1604 2071 1638 2093 30
1662 2068 1747 2093 melos

992 2104 1125 2137 perflante
1144 2103 1261 2129 flabello.
1302 2102 1346 2128 Or.
1362 2106 1408 2128 518
1428 2102 1544 2134 Pylades
1628 2102 1746 2135 perflans

992 2138 1154 2164 commercia
1172 2137 1260 2164 somni
1279 2145 1338 2162 czcm
1361 2136 1457 2162 Oreste.

957 2172 1134 2207 perfundo]
1158 2176 1179 2203 1,
1198 2176 1246 2197 209
1269 2172 1379 2197 flamma
1401 2191 1406 2196 .
1424 2191 1429 2197 .
1448 2190 1454 2196 .
1478 2170 1620 2204 perfundit
1643 2170 1751 2196 lumine

992 2207 1133 2232 mundum.
1170 2210 1192 2237 2,
1206 2210 1253 2232 305
1271 2206 1412 2239 perfusum
1425 2205 1560 2238 sanguine
1578 2204 1671 2230 fratris
1693 2205 1750 2236 (Or.

991 2245 1038 2268 895
1056 2250 1082 2274 p.
1106 2250 1125 2267 s.
1149 2241 1245 2266 matris
1268 2243 1303 2273 cf.
1326 2240 1397 2274 Very.
1422 2240 1490 2265 Aen.
1515 2244 1551 2271 11,
1566 2241 1619 2272 88),
1664 2242 1687 2271 3,
1703 2243 1752 2265 264

991 2275 1266 2335 {333222333‘2
1284 2273 1556 2334 ¹¹¹U25{.{?.33⁷53111.3·
1572 2282 1591 2299 Β·
1606 2273 1750 2333 {3323ss

1055 2323 1069 2336 0
1148 2319 1160 2334 r
1251 2329 1256 2334 .
1281 2329 1286 2334 .
1307 2329 1312 2334 .
1386 2318 1391 2323 ·
1553 2317 1563 2333 s
1634 2317 1638 2321 ·
1714 2317 1736 2332 v..

991 2346 1110 2370 antrum.
1152 2343 1241 2369 V284
1264 2343 1387 2368 membra
1413 2350 1505 2368 cruore
1531 2317 1693 2375 perfiindat,
1721 2342 1750 2372 cs:

997 2378 1072 2404 VIII
1081 2382 1126 2404 519
1143 2386 1220 2403 roseo
1238 2377 1406 2411 perfundens
1425 2376 1547 2402 membra
1560 2377 1666 2402 rubore.
1706 2376 1751 2401 Or.

990 2416 1038 2439 524
1061 2412 1177 2446 puniceo
1206 2412 1365 2445 perfuderat
1396 2420 1443 2436 ora
1473 2419 1575 2436 cruore.
1630 2410 1688 2435 VII
1703 2414 1752 2435 152

991 2448 1152 2480 Neptunum
1176 2446 1324 2479 perfundet
1347 2445 1425 2478 aquis
1452 2445 1574 2470 Galatea.
1616 2444 1691 2470 VIII
1701 2448 1752 2470 500

991 2481 1107 2507 flammis
1129 2480 1239 2513 perfusa
1263 2488 1347 2513 genas
1372 2479 1486 2505 Helena.
1534 2479 1621 2505 Χ103
1643 2479 1752 2504 Aurora

990 2524 1054 2541 mox
1076 2515 1224 2548 perfundat
1247 2514 1344 2541 Eoum.
1388 2518 1438 2540 569
1458 2513 1568 2539 meliore
1588 2521 1665 2539 coma
1691 2521 1750 2546 per-

991 2550 1120 2576 funderet
1142 2549 1235 2575 orbem
1259 2549 1303 2575 sol.
1350 2548 1395 2574 Or.
1413 2552 1462 2574 255
1484 2547 1626 2581 perfundit
1651 2555 1750 2580 corpus

991 2584 1101 2610 amictu.

956 2618 1105 2652 perfuro]
1134 2617 1178 2644 Or.
1195 2621 1245 2644 845
1270 2618 1430 2643 remanente
1454 2616 1544 2641 furore
1572 2615 1690 2648 perfurit
1715 2615 1750 2646 cf.

994 2653 1070 2685 Very.
1090 2653 1158 2678 Aen.
1177 2656 1198 2684 9,
1215 2655 1263 2677 342
1284 2651 1385 2683 Cor'ipp.
1406 2650 1462 2676 Ioh.
1482 2654 1503 2681 0,
1519 2654 1568 2675 711.

956 2688 1068 2721 pergo]
1093 2687 1175 2713 V137
1195 2686 1285 2711 hostia,
1309 2685 1373 2711 talis
1393 2686 1449 2713 eat,
1472 2684 1536 2710 talis
1558 2684 1608 2709 tibi
1636 2683 1750 2709 victima

992 2722 1090 2754 pergat
1109 2722 1216 2754 (parcat
1235 2720 1325 2752 trad).
1368 2718 1459 2744 VI119
1475 2718 1600 2751 pergitur
1612 2718 1646 2743 ad
1661 2718 1750 2742 thala-

992 2764 1049 2781 mos
1060 2755 1117 2787 (Or.
1126 2758 1175 2780 248
1188 2754 1280 2788 pergit
1293 2755 1321 2779 et
1335 2753 1486 2787 [pertinget
1495 2752 1530 2786 B]
1544 2752 1578 2777 ad
1593 2752 1750 2783 thalamos).

995 2790 1113 2816 VIIIS9
1134 2789 1198 2814 dum
1228 2791 1349 2822 pergunt
1372 2789 1400 2813 et
1423 2787 1526 2820 templa
1549 2788 1656 2820 petunt.
1702 2788 1751 2811 235

1495 2838 1547 2864 49*

1444 1974 1512 1991 uxor
1531 1964 1666 1999 Eriphyle.
1703 1970 1753 1992 445
