2106 3061
799 188 954 215 ORESTES
1631 197 1689 226 201

449 275 546 314 atque
571 273 680 304 oculos
705 284 762 315 per
786 278 901 306 cuneta
924 276 999 306 iacit
1022 276 1193 308 mandante
1217 278 1330 310 timore

450 327 483 355 et
505 325 606 365 pallor
630 326 746 366 premit
769 326 837 367 ipse
861 337 962 367 genas
987 327 1113 359 fervore
1139 330 1271 369 recenti,

449 379 592 407 attamen
614 376 727 407 infelix
751 378 857 408 animo
882 382 1027 410 versatur
1051 379 1185 412 adulter.

449 430 500 458 ast
522 427 577 458 ubi
601 438 665 459 non
689 428 767 459 vidit
792 428 991 462 descendere
1015 442 1123 473 puppe
1147 435 1330 473 tyrannum,

365 487 413 514 125
450 479 598 521 inpunita
621 483 738 521 putans
763 491 822 512 sua
847 482 981 512 crimina
1005 493 1099 524 posse
1124 494 1254 514 manere

447 530 568 572 gaudet
592 534 624 562 et
646 531 792 563 internae
818 533 934 564 mentis
961 537 1086 565 secreta
1110 534 1229 566 fatetur

448 583 627 624 permixtus
652 583 790 614 candore
816 584 911 615 rubor
934 585 1055 626 pallore
1081 586 1202 627 fugato,

448 637 481 665 et
504 635 625 666 lasciva
648 645 721 666 reos
745 636 951 677 pulereseunt
975 637 1094 678 gaudia
1118 638 1235 669 vultus.

449 685 586 717 credidit
609 697 787 728 aequoreas
812 687 897 729 quod
922 698 978 719 rex
1003 689 1044 719 sit
1068 700 1192 720 mersus
1218 690 1247 720 in
1272 690 1386 726 undas,

365 746 413 773 130
449 748 508 769 nec
532 738 600 769 vult
625 739 706 769 seire
732 749 850 778 moras,
874 742 999 771 tantum
1024 744 1177 771 contenta
1201 741 1285 782 quod
1309 742 1404 777 absit,

450 793 482 820 et
506 790 602 821 celeri
627 791 715 832 eupit
738 791 783 822 ire
808 791 911 832 gradu
934 792 1060 823 dictura
1084 794 1233 824 maritum

449 853 512 873 non
537 843 689 874 reducem
714 843 864 877 moecho:
890 843 948 874 sed
973 854 1046 885 spes
1072 844 1114 875 ibi
1139 845 1258 875 fallitur
1281 845 1398 877 audax.

447 898 579 936 propter
603 905 674 926 eam
699 905 766 926 sors
792 896 877 936 regis
901 899 970 926 erat
995 896 1178 927 Cassandra
1202 898 1363 935 sacerdos,

449 946 533 977 inter
556 946 738 977 Dardanias
763 946 872 978 clades
896 946 1111 988 Danaumque
1136 948 1314 990 triumphos

365 1005 413 1031 135
450 1008 513 1028 non
537 997 648 1028 habita
672 997 811 1039 indigne,
836 998 911 1029 licet
935 1001 1021 1029 esset
1044 1000 1147 1040 portio
1172 1000 1322 1041 praedae.

448 1049 520 1090 ipsa
543 1049 799 1091 Clytaemestrae
824 1060 916 1081 sacro
941 1054 1090 1092 correpta
1115 1051 1222 1082 furore

449 1101 576 1142 longius
601 1101 777 1132 exclamat:
798 1098 903 1133 ‘salve
928 1102 1041 1143 regina
1063 1102 1247 1144 Pelasgum,

448 1152 528 1183 ultio
553 1152 784 1191 Dardanidum,
809 1156 923 1195 captae
949 1154 1069 1185 solacia
1093 1154 1223 1191 Troiae,

449 1207 548 1246 tuque
573 1204 777 1246 triumphalis
802 1204 939 1236 domitor
962 1205 1045 1236 bone
1070 1209 1179 1247 pastor
1203 1205 1326 1247 Egiste‚

365 1264 414 1291 140
449 1256 578 1298 plumea
602 1256 652 1287 cui
677 1259 843 1298 praestant
866 1260 940 1298 post
964 1257 1066 1298 pelles
1091 1258 1247 1288 stramina
1270 1258 1398 1294 lectum,

449 1318 542 1349 quem
567 1311 640 1350 post
663 1311 750 1339 tecta
773 1319 867 1340 casae
892 1309 1011 1349 regalis
1037 1309 1170 1350 suscipit
1194 1310 1283 1340 aula:

450 1359 527 1400 quid
550 1359 705 1390 dubitatis
729 1359 834 1390 adhuc
858 1362 984 1391 vestros
1009 1360 1156 1391 relevare
1181 1361 1334 1391 timores?

450 1411 588 1453 perdite,
612 1422 652 1442 ne
676 1415 790 1453 percat
814 1412 911 1442 vestri
936 1411 998 1442 cito
1022 1412 1144 1442 fruetus
1169 1413 1287 1443 amoris

451 1466 593 1504 (tempus
616 1462 708 1494 adest
731 1466 763 1494 et
786 1463 852 1494 fata
875 1463 988 1494 iubent
1012 1466 1044 1495 ct
1067 1464 1162 1504 eulpa
1186 1464 1394 1505 perurguet):

365 1523 412 1549 145
448 1515 511 1545 iam
536 1517 681 1556 amputet
706 1515 846 1556 cripiens
869 1515 1013 1546 victricia
1037 1516 1121 1546 eolla
1145 1516 1311 1557 bipennis!

448 1577 505 1597 vos
530 1567 606 1597 licet
629 1569 661 1597 et
685 1566 797 1597 similis
821 1569 949 1597 maneat
973 1577 1110 1598 censura
1134 1568 1290 1609 polorum,

450 1618 491 1649 sit
516 1619 631 1649 saltem
655 1628 746 1649 mora.
769 1619 864 1660 longa
888 1619 959 1656 reis,
985 1618 1060 1649 dum
1085 1620 1202 1650 erescit
1228 1619 1371 1651 Orestes.

448 1670 578 1701 victima
602 1670 759 1701 carnificis
784 1671 850 1701 nati
874 1673 947 1712 post
970 1671 1084 1702 funera
1108 1671 1208 1712 patris

449 1724 553 1752 mater
576 1722 649 1759 eris,
675 1725 845 1763 tecumque
870 1723 963 1753 ferox
987 1722 1122 1754 ferietur
1145 1722 1273 1754 adulter

365 1782 414 1809 150
449 1773 583 1815 Pyladis
607 1773 748 1805 fodiente
773 1784 870 1805 manu
895 1774 987 1815 (mihi
1010 1774 1145 1815 credite)
1171 1775 1246 1805 cari.

449 1836 508 1856 vae
533 1825 686 1856 miserum
710 1825 799 1856 furor
821 1825 904 1856 alter
927 1825 1042 1857 habet:
1076 1825 1262 1867 purgandus
1288 1824 1445 1857 Orestes.³

449 1876 531 1907 dixit
554 1880 586 1907 et
610 1877 722 1908 elisam
748 1877 889 1908 retinent
913 1888 970 1919 per
994 1880 1134 1909 transtra
1157 1877 1320 1909 rudentes.

450 1928 584 1970 provida
609 1932 790 1959 terruerant
814 1930 957 1970 reginam
982 1928 1067 1960 dieta
1090 1929 1278 1960 nefandam:

450 1980 473 2010 it
497 1980 602 2022 pallor
626 1991 724 2021 super
748 1990 804 2011 ora
828 1980 931 2011 redux
955 1980 1143 2022 facinusque
1168 1991 1282 2022 parare

367 2040 413 2065 155
452 2032 595 2073 disponit
619 2032 678 2063 sub
703 2031 798 2063 corde
823 2032 914 2069 truei,
939 2032 1026 2063 furor
1049 2035 1143 2073 urget
1167 2033 1284 2063 amoris

451 2084 671 2125 sollicitusque
695 2084 788 2114 timor
812 2087 983 2124 grassatur
1007 2087 1114 2114 mente
1139 2084 1281 2125 paventi.

161 2194 208 2219 121
229 2196 348 2220 mandata
368 2197 450 2221 timori
469 2196 492 2220 ,1
588 2196 636 2221 122
661 2197 727 2229 ipsos
751 2197 867 2221 radendo
891 2206 955 2221 corr.
975 2197 1000 2221 ἱιι
1023 2197 1076 2229 ipse
1096 2196 1119 2220 B
1190 2200 1284 2221 terrore
1304 2197 1424 2221 Schwabe
1515 2196 1561 2221 123
1582 2198 1698 2221 Attamen

58 2260 101 2289 (At
120 2269 136 2283 a
154 2259 191 2283 Β2
210 2259 325 2291 additae)
344 2260 368 2284 B
475 2260 523 2285 125
546 2240 651 2292 Inpuniu·
660 2243 716 2285 {tillus
736 2261 759 2285 B
856 2260 903 2285 127
928 2270 1006 2285 ruuur
1025 2261 1056 2291 B,
1081 2261 1161 2293 pudor
1181 2261 1203 2284 A
1303 2261 1350 2285 129
1374 2262 1489 2292 equoreis
1514 2270 1536 2292 q.
1557 2270 1574 2285 r.
1593 2270 1612 2285 s.
1631 2270 1661 2285 m.
1686 2262 1700 2284 i.

60 2303 135 2327 undis
154 2303 177 2326 A
248 2303 313 2327 rexit
331 2311 416 2328 merus
435 2303 459 2327 B
541 2303 590 2328 130
608 2308 730 2336 concepta
749 2303 772 2327 A
858 2303 903 2328 131
924 2305 1005 2336 gradu
1026 2304 1049 2327 B
1134 2303 1181 2328 132
1200 2312 1300 2328 moecos
1318 2304 1361 2328 sed
1381 2304 1406 2334 (d
1425 2312 1455 2327 ea:
1474 2305 1492 2331 t)
1506 2304 1530 2327 Li
1600 2304 1644 2328 ubi
1666 2303 1702 2329 A:

59 2354 94 2369 (ιη
112 2345 185 2370 sibi?
238 2346 326 2370 fallitir
346 2346 368 2370 B
440 2346 487 2371 133
507 2347 625 2371 l‘reterea
638 2347 695 2378 BA,
715 2345 816 2371 eorreaeb'
888 2346 938 2371 135
957 2347 1015 2371 licet
1034 2356 1061 2372 es
1080 2356 1105 2371 se
1119 2348 1143 2371 B
1215 2346 1261 2371 137
1282 2355 1360 2379 regnu
1379 2347 1472 2379 pelagii
1487 2347 1511 2370 B
1582 2346 1629 2371 138
1649 2347 1701 2370 dar-

59 2389 206 2414 ‹hu-danedu
228 2389 251 2420 (e
270 2398 336 2414 corr.
349 2390 377 2414 in
400 2391 418 2421 i)
442 2395 516 2423 capte
540 2391 637 2415 solueia
661 2392 688 2421 (u
713 2399 779 2416 corr.
800 2390 826 2415 in
845 2391 870 2421 a)
892 2391 955 2415 troie
974 2391 998 2414 B
1103 2389 1152 2415 139
1175 2391 1261 2421 Tuqui
1287 2390 1311 2414 B
1416 2390 1465 2414 140
1492 2390 1584 2414 lectum
1608 2398 1654 2414 om.
1670 2390 1700 2419 R,

59 2432 133 2456 habet
153 2432 175 2455 A
259 2432 307 2457 143
327 2434 428 2465 I'ergite
447 2434 503 2457 lllat'
573 2435 656 2458 frutus
675 2434 700 2458 B
790 2433 837 2458 144
856 2434 995 2458 adestefata
1013 2434 1105 2458 iubant
1122 2434 1153 2465 B,
1181 2434 1247 2458 unde
1272 2434 1363 2458 iuvant
1386 2433 1477 2464 I’et'per
1565 2431 1614 2456 145
1640 2434 1702 2456 Iam-

59 2478 131 2507 pntet
143 2475 175 2506 B,
194 2476 316 2507 Amputat
336 2475 367 2505 A,
387 2485 454 2500 corr.
468 2476 560 2507 Peipcr
630 2477 730 2501 uitricia
747 2477 778 2507 B,
797 2477 897 2501 ultricia
910 2477 1034 2508 Russbcry
1104 2477 1168 2501 colio
1188 2477 1295 2508 pupenis¹
1309 2476 1333 2499 B
1405 2474 1452 2500 146
1471 2476 1529 2500 licet
1549 2478 1573 2505 (c
1587 2474 1701 2498 radendo

59 2526 89 2542 ea:
106 2517 133 2549 g)
153 2518 177 2541 B
246 2519 338 2550 puloru
358 2519 389 2548 B,
413 2519 537 2543 malorum
562 2519 584 2543 ,1
680 2519 726 2544 147
751 2521 779 2544 fit
798 2519 828 2544 L.
844 2520 939 2544 Jlsiller
1027 2518 1075 2543 148
1098 2520 1203 2544 iuctima
1222 2519 1265 2549 ΖΡ,
1286 2519 1394 2543 Victima
1417 2518 1452 2541 Β·γ
1543 2517 1590 2542 150
1608 2518 1701 2542 credite

60 2561 121 2584 Grai
139 2560 231 2592 Peiper
322 2561 369 2587 151
394 2563 435 2587 Me
454 2562 512 2594 BA,
531 2572 596 2587 corr.
613 2563 733 2588 Schwabe
803 2563 919 2587 miseram
940 2562 963 2586 Α
1034 2563 1172 2595 purgandis
1194 2562 1219 2586 B
1289 2562 1413 2587 horestem
1433 2562 1455 2585 A
1546 2561 1594 2585 152
1613 2562 1635 2584 D
1654 2565 1703 2585 ete-

60 2603 132 2627 lisam
150 2604 175 2628 B
244 2608 343 2629 transta
360 2605 384 2629 L·

166 2705 213 2732 121
234 2710 254 2738 1,
266 2709 317 2733 348
339 2715 397 2733 cum
421 2710 485 2733 nota
592 2708 638 2734 127
663 2708 706 2733 Or.
724 2710 782 2734 mct.
804 2710 827 2739 3,
847 2710 894 2733 423
918 2706 1034 2732 mixtum
1060 2706 1176 2732 camlore
1201 2705 1327 2732 ruborem
1351 2706 1386 2737 (3,
1405 2709 1451 2731 491
1477 2706 1538 2731 Son.
1557 2704 1628 2730 Med.
1642 2706 1702 2737 859)

98 2757 146 2784 140
162 2756 256 2784 Claud.
271 2762 309 2791 26,
321 2761 372 2785 352
390 2768 441 2785 nec
459 2759 554 2786 mollia
574 2760 642 2786 sesso
663 2761 751 2786 strata
770 2759 867 2785 dedere
887 2760 977 2785 torum
1050 2757 1098 2784 143
1119 2756 1256 2789 Lucane,
1269 2761 1315 2783 794
1334 2756 1406 2790 perit
1426 2758 1483 2782 tam
1503 2755 1577 2789 longi
1598 2756 1702 2781 fructus

63 2808 163 2834 amoris
252 2811 298 2836 151
314 2810 395 2837 Orest.
409 2815 458 2837 945
477 2811 637 2845 purgandus
652 2811 760 2837 Orestes
845 2810 893 2836 153
914 2810 996 2836 Orest,
1011 2812 1059 2835 825
1077 2816 1136 2834 cum
1154 2810 1217 2833 nota

165 2863 326 2888 Scmr’Tans
344 2864 532 2894 ANT1QU1ss1m
550 2865 610 2889 XIV
625 2864 646 2890 1.
1466 2858 1500 2884 26
