2106 3061
801 189 973 216 ROMVLEA
994 190 1059 216 VIII
1689 201 1746 230 163

501 274 638 316 hospitio
662 274 829 307 Telamon.
874 287 979 307 ramos
1005 277 1181 309 frondentis
1205 279 1308 311 olivae

414 334 464 360 255
501 329 666 367 portantes
691 326 731 357 ad
755 329 842 357 tecta
866 327 954 358 ducis
979 329 1037 359 sub
1062 329 1201 370 imagine
1226 332 1314 372 pacis

501 388 564 408 non
590 387 714 419 paoem,
739 378 796 409 sed
820 378 907 409 bella
930 384 1059 420 gerunt;
1086 391 1159 412 nam
1183 381 1268 413 dicta
1292 385 1457 424 tenebant,

500 439 583 470 quae
608 432 742 470 possent
766 440 889 461 armare
912 431 1025 468 virum,
1050 432 1111 463 nisi
1135 433 1203 464 iura
1228 437 1374 466 vetarent

500 480 640 522 hospitii,
665 491 747 522 quae
771 491 866 512 nemo
891 485 983 523 parat
1007 483 1129 515 violare
1154 484 1328 516 modestus.

500 542 577 573 rege
602 532 741 563 salutato
766 536 938 574 postquam
962 534 1081 575 legatio
1105 534 1222 567 Troiae

414 591 464 618 2⁴30
502 583 595 622 sedit,
620 586 652 614 et
674 583 820 615 Antenor
843 585 969 626 placida
993 586 1038 616 sic
1062 596 1142 618 voce
1167 588 1324 629 profatur:

495 631 713 676 ‘Troiugenas
737 646 888 677 proceres
913 639 946 667 et
969 637 1055 678 regis
1080 638 1195 679 pignus
1220 639 1260 670 ad
1285 640 1402 678 aulam,

499 697 557 718 rex
580 686 745 725 Telamon,
770 687 897 719 venisse
922 691 1011 719 tuam
1036 700 1118 730 quae
1143 700 1241 721 causa
1265 691 1379 732 coegit,

499 739 662 770 insinuare
687 738 796 770 decet:
821 739 847 770 si
871 740 1005 771 iusseris
1030 741 1109 782 ipse,
1133 741 1304 783 loquentur

499 794 663 822 consortes
687 802 771 822 nunc
795 801 849 822 ore
873 802 945 823 meo
970 792 1022 823 vel
1044 793 1134 834 regia
1157 794 1274 834 proles.

412 849 462 875 265
497 841 702 874 Dardanides
727 842 883 883 Priamus,
908 844 1015 884 gentis
1040 848 1208 885 reparator
1231 849 1263 876 et
1286 846 1385 884 urbis,

499 904 592 935 quam
618 897 741 925 vestras
765 895 939 936 populasse
964 906 1079 926 manus
1103 897 1289 928 meminisse
1314 897 1461 930 fatemur.

498 945 590 976 iussit
613 945 652 977 ab
679 945 778 977 Iliaco
802 946 945 978 delectos
969 958 1105 989 pergere
1130 959 1230 990 regno

498 997 537 1028 ad
561 1000 617 1029 tua
640 1008 750 1039 regna,
773 1002 899 1040 potens,
923 1009 1111 1040 germanam
1135 1001 1220 1042 regis
1244 1004 1288 1040 ut,
1312 1001 1419 1042 heros,

497 1049 655 1080 bellorum
680 1060 775 1091 quam
800 1050 868 1081 iure
893 1053 997 1090 tenes,
1023 1051 1054 1082 in
1079 1062 1158 1093 pace
1181 1052 1350 1084 refundas:

410 1110 460 1136 270
496 1101 640 1142 posceris
664 1101 840 1133 Hesionen.
887 1102 971 1134 iacet
994 1103 1108 1144 ingens
1132 1103 1228 1135 Troia
1252 1104 1369 1135 favillis

497 1153 614 1185 excidii
639 1163 824 1195 compressa
848 1154 906 1193 sui,
931 1164 990 1185 nec
1014 1154 1174 1196 Pergama
1198 1155 1312 1187 ductor

497 1205 677 1236 surrexisse
702 1208 803 1247 putat,
827 1205 888 1236 nisi
911 1206 986 1245 iam,
1011 1217 1069 1238 rex
1092 1217 1221 1248 magne,
1247 1219 1387 1240 sororem

496 1256 675 1288 reddideris
700 1258 778 1298 regi,
804 1268 885 1299 quae
910 1268 994 1289 nunc
1020 1259 1148 1300 captiva
1172 1262 1311 1291 tenetur.

502 1312 595 1351 turpe
619 1309 710 1340 ducis
739 1309 859 1341 servire
883 1320 986 1351 genus
1011 1311 1197 1352 crimenque
1222 1314 1363 1353 putatur,

408 1369 459 1395 275
495 1362 520 1392 si
543 1371 606 1392 non
630 1360 715 1392 bella
738 1360 862 1392 dabunt
885 1362 953 1403 regi
978 1361 1061 1403 quod
1085 1362 1171 1394 bella
1196 1363 1349 1395 tulerunt.

495 1412 552 1444 sed
576 1423 640 1454 pax
663 1412 722 1443 hoc
748 1415 858 1454 optata
882 1416 994 1454 negat:
1020 1424 1076 1455 pro
1100 1424 1176 1456 rege
1199 1416 1334 1456 rogaris.

494 1468 525 1496 te
550 1464 706 1506 repetisse
731 1468 808 1506 puta
832 1465 961 1496 Priamo
986 1466 1146 1497 retinente
1172 1477 1332 1498 sororem:

493 1527 557 1547 non
582 1516 673 1548 dolor
695 1519 844 1556 armaret,
869 1517 894 1547 si
919 1527 980 1547 non
1005 1517 1095 1548 daret
1119 1518 1172 1549 ille
1197 1522 1352 1559 rogatus?

494 1568 578 1610 quod
602 1568 732 1610 peteris,
757 1568 924 1607 Telamon,
949 1569 1053 1600 scelus
1078 1572 1128 1600 est
1152 1573 1184 1601 et
1208 1570 1292 1600 fama
1316 1570 1466 1611 pudoris;

407 1627 458 1654 280
494 1620 636 1651 nascitur
658 1620 790 1659 invidia,
816 1620 943 1651 Priamo
968 1624 1126 1661 regnante
1154 1632 1297 1653 sororem

494 1671 690 1713 Graiugenis
715 1672 836 1703 servire
861 1683 962 1711 suam,
987 1673 1067 1703 livor
1093 1673 1196 1704 malus
1221 1673 1295 1704 inde

494 1723 648 1755 creditur:
672 1722 813 1755 “Iliacas
837 1724 942 1765 potuit
966 1734 1116 1766 reparare
1141 1723 1271 1755 ruinas'‘

492 1785 635 1806 murmur
658 1775 720 1806 erit
743 1775 937 1817 Phrygibus,
960 1774 1167 1807 “consortem
1192 1777 1358 1818 sanguinis
1382 1788 1477 1808 unam

493 1837 556 1858 non
579 1826 702 1858 valuit³²
724 1827 832 1858 dicent
855 1826 981 1859 “rector
1005 1828 1044 1859 de
1069 1838 1146 1869 rege
1171 1828 1334 1859 mereri³³³.

406 1886 456 1913 285
494 1879 629 1911 dixerat.
676 1882 708 1910 at
731 1879 888 1911 Telamon
913 1883 1037 1911 mentes
1062 1880 1208 1911 armabat
1233 1881 1264 1911 in
1289 1881 1370 1912 iras:

493 1942 567 1962 nam
591 1931 695 1973 pietas
720 1931 855 1962 affectus
880 1941 970 1962 amor
994 1931 1162 1963 concordia
1186 1933 1291 1973 proles

492 1983 673 2015 accendunt
696 1986 801 2014 motus
825 1984 856 2014 in
881 1986 1013 2025 pectore
1038 1984 1123 2015 fellis
1149 1984 1260 2015 amari.

493 2035 665 2067 conubium
689 2036 789 2076 regni,
815 2035 950 2066 thalami
974 2036 1135 2067 consortia
1161 2036 1242 2067 casti

492 2087 639 2119 scindere
663 2087 853 2129 poscebant,
884 2090 926 2127 et,
951 2087 1035 2129 quod
1058 2098 1149 2118 mens
1174 2088 1264 2118 nulla
1288 2087 1428 2122 tulisset,

405 2147 456 2175 290
492 2139 604 2171 Aiacis
628 2139 709 2170 haec
733 2142 837 2170 mater
861 2141 949 2170 erati
974 2139 1018 2170 sic
1043 2140 1156 2181 incipit
1181 2150 1234 2171 orc

492 2191 639 2222 turbidus
663 2191 825 2222 Aeacides
850 2191 934 2222 iusta
958 2202 1133 2222 succensus
1158 2192 1189 2222 in
1212 2192 1273 2222 ira:

487 2239 531 2274 ‘si
554 2243 658 2285 pudor
681 2243 789 2274 Iliacis
813 2246 868 2274 aut
892 2243 1055 2274 mentibus
1080 2246 1167 2274 esset
1191 2243 1357 2279 honestas,

493 2295 656 2326 excidium
680 2295 798 2326 Troiae
823 2295 848 2326 si
873 2298 1003 2336 pectora
1026 2295 1112 2326 victa
1136 2294 1293 2335 dolerent,

200 2390 249 2416 259
268 2392 379 2416 solutato
399 2391 428 2415 N
510 2390 561 2416 260
580 2391 691 2421 Sederat,
711 2391 825 2415 Antenor
845 2390 933 2421 Dalm,
952 2391 1029 2420 Sedit,
1049 2391 1084 2415 ita
1103 2391 1132 2415 A.
1153 2391 1186 2422 pl.
1199 2391 1247 2415 sub
1267 2400 1290 2415 v.
1310 2391 1428 2416 Bam-eus
1515 2390 1565 2415 262
1584 2392 1704 2416 'salamon
1719 2391 1746 2414 N

133 2432 183 2458 263
207 2434 277 2459 decet
296 2438 321 2459 et
345 2435 366 2459 si
390 2435 423 2463 N,
449 2443 515 2459 corr.
537 2434 650 2459 lamzelli
754 2433 805 2458 :268
829 2438 915 2466 petens
935 2433 1055 2457 Biilzrens
1125 2434 1195 2458 heios
1217 2434 1245 2457 A*
1348 2433 1399 2458 270
1422 2435 1531 2459 Posteris
1555 2435 1691 2459 Hesionen]
1712 2434 1744 2463 N,

99 2484 163 2501 corr.
178 2476 257 2501 Dalm
326 2476 377 2502 272
395 2478 444 2502 nisi
462 2477 487 2501 ia
505 2477 532 2501 in
551 2486 647 2501 rasura
667 2477 767 2508 (fuerat
785 2485 835 2500 non
855 2477 875 2500 si
894 2476 932 2501 vel
950 2477 1000 2501 iani
1020 2477 1052 2504 si)
1073 2476 1101 2499 N
1167 2475 1216 2500 276
1236 2477 1261 2501 Si
1282 2485 1330 2507 pax
1352 2477 1386 2507 N,
1406 2478 1505 2501 curren-1?
1574 2486 1619 2509 por
1639 2485 1696 2508 regi¹
1713 2477 1743 2504 N,

99 2527 163 2544 corr.
179 2520 295 2545 Iamzelli
363 2519 413 2545 277
432 2521 553 2552 repetisse
572 2519 595 2551 (e
610 2520 699 2544 ultima
717 2520 744 2544 in
762 2519 867 2549 rasura)
882 2519 911 2543 X
977 2518 1027 2544 278
1046 2519 1082 2543 illi
1102 2519 1131 2542 N
1197 2518 1247 2543 279
1267 2524 1372 2550 rogatus
1392 2521 1458 2551 quod
1478 2524 1582 2552 peteres,
1602 2520 1743 2543 'l‘clamont'

99 2562 178 2587 Dalm
258 2562 307 2588 282
327 2564 417 2588 Editur
435 2563 560 2595 Bmsbery
631 2562 681 2587 284
701 2563 787 2587 meieri
808 2563 837 2586 N
915 2561 964 2586 287
985 2563 1115 2587 Accedunt
1135 2562 1167 2592 N,
1187 2570 1253 2586 corr.
1271 2562 1384 2587 Jmmelll
1465 2562 1516 2587 290
1535 2563 1640 2594 incipiat
1660 2562 1743 2593 (-ipi‹·n.

98 2605 124 2630 in
142 2606 248 2637 rasura)
266 2606 300 2637 N,
319 2615 385 2631 corr.
400 2606 515 2632 Iannelli
585 2605 633 2630 291
655 2607 735 2631 iustas
758 2614 881 2631 accensus
900 2606 925 2629 in
945 2606 994 2629 iras
1013 2605 1132 2630 Bidamas
1202 2604 1252 2630 ⁴293
1271 2606 1340 2630 iucta
1359 2606 1473 2630 dolor-ent
1493 2606 1525 2636 N,
1544 2615 1610 2630 corr.
1631 2605 1743 2629 lame—lli

200 2699 250 2726 254
272 2699 316 2726 Ov.
333 2703 388 2726 met.
405 2704 430 2732 δ’,
447 2703 493 2726 295
520 2708 581 2726 cum
604 2699 688 2725 ramis
711 2708 819 2733 semper
837 2698 990 2725 frondentis
1013 2698 1102 2724 olivae
1126 2698 1218 2731 (Anth.
1235 2703 1284 2731 719,
1298 2701 1339 2732 93)
1447 2699 1496 2725 259
1516 2698 1582 2724 Stat.
1597 2698 1663 2723 Aeli.
1681 2702 1699 2730 1,
1713 2702 1745 2723 57

99 2758 163 2784 rege
182 2751 304 2778 salutato
382 2752 432 2778 282
452 2751 557 2778 Lucan.
573 2756 594 2784 9,
608 2755 672 2778 1019
691 2750 865 2777 Thessalicas
881 2771 885 2776 .
901 2771 926 2777 ..
946 2759 1072 2784 reparare
1092 2751 1184 2776 ruinas
1259 2751 1308 2777 287
1328 2751 1429 2776 Aralnr
1448 2754 1468 2781 1,
1481 2754 1529 2775 ⁶40
1547 2749 1635 2775 cordis
1655 2749 1741 2774 amari

100 2801 161 2828 felle
184 2804 292 2829 tumens
373 2803 421 2829 291
442 2803 506 2830 Stat.
526 2803 600 2830 Theb.
615 2807 651 2836 1-2,
665 2807 712 2829 589
732 2803 804 2829 insta
823 2812 884 2828 mox
905 2802 1029 2829 cvm-ims-
1049 2803 1089 2828 ira
1108 2803 1153 2835 (cs.
1170 2808 1206 2835 12,
1223 2804 1281 2835 714)

1488 2854 1534 2879 :²1³⁶
