2106 3061
810 178 984 206 ROMVLEA
1003 180 1024 205 V
1677 191 1734 219 145

493 266 648 304 quantum
672 263 761 295 dives
786 264 894 305 habet,
920 270 1072 307 quantum
1098 279 1156 300 nee
1181 280 1305 312 pauper
1325 272 1479 304 habebit?

492 315 575 346 adde
600 315 685 357 quod
709 316 823 347 infelix
848 328 972 359 pauper
995 329 1053 350 nec
1077 323 1171 351 nocte
1196 323 1389 364 propinquat

493 366 600 397 divitis
623 366 663 397 ad
688 370 824 404 tectum;
849 379 923 399 nam
948 380 1023 400 mox
1046 381 1104 411 pro
1128 371 1196 403 fure
1221 375 1358 413 tenetur,

493 420 669 449 nocturnus
694 422 859 459 grassator
883 420 952 458 erit,
977 421 1108 452 ferietur
1131 423 1262 455 inermis

408 478 455 504 190
492 473 525 500 et
547 472 726 511 prostratus
751 470 842 512 inops
866 472 1043 503 armabitur
1067 484 1144 504 ense
1169 479 1311 511 cruento,

491 524 525 552 ut
549 521 692 562 gladium
718 522 889 554 strinxisse
913 526 1006 565 putes
1032 525 1063 555 in
1088 526 1152 556 fata
1175 528 1315 567 potentis

491 572 598 604 divitis
622 576 696 604 ante
721 573 816 605 fores.
850 575 991 607 medicos
1016 580 1070 607 aut
1093 577 1176 609 forte
1200 579 1362 611 ministros

491 625 664 656 sollicitare
688 628 796 667 potest
818 626 925 657 audax
950 627 1008 658 sub
1032 632 1125 659 nocte
1150 630 1266 670 silenti,

491 677 544 718 qui
570 679 627 707 sub
651 677 723 708 luce
746 678 852 719 fugit?
875 679 1008 720 pavidos
1032 680 1182 712 informat
1206 687 1351 723 egestas:

406 735 454 762 195
490 727 620 759 divitiae
644 729 727 760 vires
751 732 919 771 praestant
942 731 1130 773 animosque
1155 739 1331 773 resumunt,

491 784 664 821 paupertas
689 781 834 812 conferre
858 785 972 820 metus,
999 783 1126 815 adferre
1150 796 1303 826 pavorem

492 830 606 872 (n0>vit
631 834 663 863 et
684 832 716 863 in
739 833 874 864 miseros
897 844 1025 876 semper
1048 836 1211 868 stimulare
1234 841 1393 879 potentes.

100 929 353 972 (QVAESTIO)
494 935 628 966 forsitan
653 935 789 967 obicias:
813 937 902 968 urbis
927 938 1077 970 defensor
1100 939 1252 976 habetur;

490 997 552 1017 non
576 998 654 1028 opus
679 990 729 1018 est
751 988 906 1028 laedatur,
931 990 987 1021 ais.
1033 1001 1093 1022 nec
1117 992 1226 1023 laedat
1250 993 1414 1031 honestos,

404 1046 454 1073 200
488 1038 520 1069 in
546 1049 714 1071 commune
738 1040 842 1071 bonus
867 1044 952 1072 totos
977 1042 1130 1074 defendat
1155 1047 1186 1074 et
1211 1048 1313 1084 ornet,

490 1090 593 1131 erigat
616 1101 798 1132 oppressos,
821 1092 992 1124 mediocris
1017 1105 1138 1136 pauper
1161 1099 1297 1127 ametur.

489 1152 553 1172 non
577 1142 649 1173 ideo
674 1143 795 1174 bellum
818 1146 885 1175 tota
909 1145 1025 1176 virtute
1050 1147 1193 1188 peregit,

489 1196 524 1224 ut
547 1194 644 1225 liceat
668 1195 728 1225 civi
754 1196 839 1227 cives
865 1196 995 1238 impune
1021 1208 1150 1229 necare.

488 1245 601 1277 fortior
624 1249 674 1277 est
697 1246 786 1278 dives
810 1247 943 1287 iuvenis,
968 1249 1070 1290 magis
1096 1249 1168 1281 inde
1193 1250 1361 1282 timendus.

402 1304 452 1331 205
489 1296 620 1329 divitiae
647 1297 772 1339 (fortes)
797 1309 924 1341 semper
947 1300 1053 1332 fecere
1078 1304 1246 1343 tyrannos:

488 1349 561 1380 hine
584 1349 716 1388 Mariua
740 1350 814 1382 hinc
839 1351 928 1393 Sylla
951 1352 1049 1391 ferus,
1073 1353 1148 1384 hine
1173 1353 1275 1385 Cinna
1299 1358 1463 1395 cruentus,

487 1400 561 1432 inde
585 1400 645 1432 fuit
669 1401 800 1441 Caesar,
825 1402 998 1434 dominatio
1023 1405 1126 1446 prima
1149 1409 1293 1437 senatus.

487 1463 561 1483 nam
586 1453 723 1484 domitor
745 1453 881 1495 Libyae,
905 1455 1064 1486 bellorum
1090 1456 1198 1498 Scipio
1222 1457 1354 1495 fulmen,

486 1504 577 1535 fortis
601 1504 730 1536 adultus
754 1505 858 1536 adhue
883 1509 968 1537 totos
994 1508 1047 1548 qui
1071 1508 1147 1538 vicit
1170 1508 1313 1540 Hiberos

400 1563 450 1590 210
486 1556 743 1598 Hannibalisque
768 1562 890 1588 trucem
913 1558 1011 1600 fregit
1034 1570 1092 1600 per
1115 1560 1203 1591 bella
1226 1561 1366 1591 furorem

487 1618 523 1638 ao
547 1609 770 1650 populatorem
794 1609 959 1640 Romanae
984 1611 1089 1652 gentis
1114 1611 1225 1652 adegit

488 1660 621 1691 sorbere
648 1660 848 1692 mortiferum
873 1672 933 1692 ceu
956 1662 1072 1703 poeula
1096 1663 1216 1693 blanda
1240 1674 1401 1695 venenum

487 1715 519 1743 et
542 1715 640 1754 caput
664 1712 841 1743 infaustum
864 1713 992 1754 legatus
1019 1715 1108 1745 vexit
1132 1714 1171 1745 ad
1196 1715 1318 1753 urbem,

486 1764 665 1795 Minturnas
689 1764 840 1806 depulsus
865 1765 943 1796 obit.
989 1766 1060 1807 pius
1085 1766 1159 1798 inde
1184 1766 1341 1798 Camillus

400 1824 449 1850 215
485 1816 601 1847 missus
626 1817 658 1847 in
682 1816 828 1853 exilium3
854 1827 913 1848 nec
938 1817 1077 1848 Romula
1101 1821 1187 1849 tecta
1210 1819 1346 1857 videret,

486 1868 517 1898 ni
541 1868 619 1899 satis
644 1867 784 1909 offerret,
808 1869 910 1899 victor
931 1869 1007 1900 licet
1031 1870 1107 1900 exul
1132 1870 1171 1900 ab
1197 1870 1285 1909 urbe,

487 1930 559 1950 eum
582 1919 799 1951 Romanorum
827 1920 929 1951 Gallis
954 1921 1073 1952 vexilla
1097 1922 1241 1954 tulisset:

487 1972 562 2002 exul
587 1974 618 2002 et
642 1972 779 2003 extorris
804 1973 920 2003 meruit
943 1972 982 2003 de
1007 1972 1097 2003 clade
1122 1973 1326 2014 triumphum.

485 2023 645 2054 mentibus
668 2024 816 2064 ingenuis
841 2034 969 2066 semper
992 2035 1049 2066 pro
1073 2025 1146 2065 lege
1170 2028 1293 2056 tenete:

399 2083 450 2110 220
487 2075 616 2106 solliciti
639 2076 766 2106 veniam
790 2075 908 2106 debent
933 2086 1063 2117 sperare
1088 2079 1249 2117 potentes,

486 2127 591 2158 securi
614 2138 655 2158 ne
679 2138 780 2168 regna
803 2130 925 2168 petant.
970 2127 1027 2158 das
1052 2128 1116 2158 otia
1140 2138 1246 2158 servo:

484 2189 559 2210 mox
581 2179 662 2210 liber
685 2179 753 2210 vult
777 2189 848 2210 esse
873 2189 960 2209 suus.
1006 2179 1069 2209 iam
1094 2189 1188 2210 nemo
1212 2180 1339 2221 quietus

485 2230 591 2261 divitis
615 2230 740 2261 insidiis
764 2230 893 2261 durabit
916 2241 1059 2272 paupere
1084 2241 1188 2263 eaeSO.

196 2350 243 2375 191
263 2352 371 2384 petentis
389 2352 423 2383 N,
443 2361 509 2377 corr.
528 2352 607 2377 Dulm
703 2352 751 2377 194
775 2353 888 2377 infirmat
907 2353 998 2384 Haupt
1091 2352 1138 2377 197
1194 2353 1232 2377 uit
1254 2352 1375 2384 (spctlz'um
1394 2353 1508 2377 relictum
1527 2354 1625 2377 duabus
1645 2354 1732 2377 litteris

93 2393 190 2427 aptum)
208 2394 241 2425 N,
267 2395 373 2426 ezplevit
398 2395 490 2424 DuIm;
514 2396 598 2420 suevit
616 2396 741 2427 Bossbery
828 2401 889 2427 post
915 2395 962 2420 197
983 2396 1103 2420 lacunam
1129 2396 1214 2420 statuit
1238 2396 1330 2423 Dalm:
1353 2405 1396 2428 eqo
1418 2401 1481 2427 pulo
1506 2406 1555 2421 non
1579 2398 1661 2421 deesse
1683 2398 1732 2420 wisi

92 2437 190 2461 titulum
216 2446 296 2462 novae
320 2438 484 2469 quaestionis,
510 2447 582 2470 quem
608 2439 700 2463 addidi
803 2439 854 2464 205
916 2439 1013 2470 Diuitie
1037 2448 1135 2471 semper
1158 2448 1207 2470 (ης,
1231 2439 1306 2463 nulla
1330 2440 1425 2463 lacuna
1450 2440 1481 2469 N,
1503 2440 1613 2470 e,1·ple·z³i;
1639 2440 1731 2463 uimine

92 2481 228 2505 addiderat
242 2481 321 2505 Dalm
390 2481 441 2505 ‘208
485 2483 549 2506 Nam
563 2482 704 2506 dominator
716 2483 798 2514 Lybie
812 2482 844 2512 N,
864 2491 929 2506 corr.
944 2482 1023 2506 Dzzlzn
1093 2482 1143 2506 216
1163 2482 1210 2506 lice
1225 2482 1254 2505 N
1319 2481 1370 2506 220
1388 2486 1506 2514 parentes
1520 2482 1553 2513 N,
1572 2492 1637 2506 eurr.
1653 2483 1731 2506 Dalm

126 2523 176 2548 222
194 2525 295 2553 Libera,
315 2533 374 2549 mox
393 2524 484 2556 Peiper
571 2524 621 2549 223
640 2525 735 2550 durant
754 2524 811 2555 (sic)
832 2525 863 2555 N,
884 2534 950 2549 corr.
964 2525 1043 2549 Dalm

194 2635 245 2661 200
263 2635 367 2663 [mean.
381 2640 403 2669 2,
417 2640 467 2664 389
479 2637 568 2673 regidi
581 2640 705 2665 servator
719 2638 827 2665 honesti
843 2638 873 2671 in¹
885 2647 1027 2665 commune
1041 2638 1127 2664 bonus
1198 2638 1246 2664 201
1262 2638 1299 2662 ad
1312 2641 1334 2670 9,
1345 2642 1392 2664 0¹:16
1463 2638 1513 2665 206
1526 2638 1631 2663 Lnean.
1648 2642 1670 2669 4,
1683 2640 1731 2663 322

93 2685 169 2712 Sulla
187 2689 285 2720 potens
308 2688 466 2722 Mariusque
488 2690 563 2716 ferox
590 2692 618 2716 et
643 2690 730 2716 Cinna
754 2691 882 2716 eruentus
909 2690 1115 2722 Caesareaeque
1141 2689 1237 2715 domus
1263 2689 1345 2715 series
1443 2689 1492 2716 208
1519 2689 1602 2715 Lacr.
1624 2692 1647 2721 3,
1669 2692 1731 2714 1034

93 2737 234 2772 Scipiades
252 2739 319 2766 belli
336 2740 441 2767 fulmen
524 2742 574 2769 213
592 2742 687 2774 fabula
705 2750 759 2767 non
778 2742 889 2768 aliunde
907 2744 971 2768 nota
989 2741 1089 2767 videtur
1170 2741 1219 2767 214
1239 2741 1394 2767 Minturnas
1412 2740 1538 2772 depulsas
1557 2743 1593 2765 cst
1612 2740 1729 2772 Marias,

94 2792 121 2815 at
140 2789 227 2823 Scipio
246 2791 352 2817 Literni
370 2792 431 2818 obiit
449 2793 496 2826 (cf.
511 2793 583 2819 Oros.
603 2798 627 2826 4,
645 2798 685 2826 120,
704 2798 735 2820 *29
754 2794 868 2820 exulans
887 2794 961 2828 apud
981 2793 1153 2819 Amiternum
1174 2792 1306 2826 oppidum
1325 2792 1419 2818 morbo
1439 2791 1543 2825 periit).

193 2845 354 2871 §ammonas
373 2847 561 2875 Aanqmssnvn
580 2848 638 2871 XIV
654 2847 675 2872 1.
1496 2844 1527 2869 19
