2039 3010
864 544 1031 571 SANc'rvs

768 598 902 633 AMOR
929 599 1126 636 PATRIAE

909 665 986 691 DAT

837 719 862 748 Α
876 719 928 750 Nl
942 719 971 749 Μ
986 720 1008 749 V
1019 721 1060 751 M.

796 841 1019 862 FBANCOFVBTI
1036 846 1060 863 A.
1073 846 1099 864 Ιί.

738 893 798 911 ΧΙΠ.
815 895 878 913 RAL.
894 896 976 914 FEBR.
993 898 1146 918 MDCCCXIX.

140 1319 176 1364 Ι.
219 1319 308 1363 DE
345 1316 805 1363 MEROBAVDIS
843 1317 1098 1363 CODICE
1131 1318 1741 1374 EDITIONIBVSQVE.

216 1418 275 1449 Fl.
299 1417 343 1449 M
347 1417 584 1459 erobaudi31)
607 1417 750 1456 Hispani
766 1419 876 1458 poetae
899 1427 977 1457 quae
1000 1419 1109 1448 extant
1131 1418 1220 1449 nobis
1243 1418 1362 1449 tradita
1377 1428 1440 1450 esse
1456 1419 1574 1451 schedis
1589 1421 1652 1460 ipsi
1668 1432 1769 1461 prope

116 1469 301 1509 aequalibus
322 1471 397 1500 nota
420 1478 469 1500 res
491 1471 546 1501 est.
591 1470 759 1500 servantur
774 1468 862 1499 hodic
884 1468 939 1499 ubi
961 1479 990 1500 a.
1008 1469 1092 1499 1823
1114 1471 1253 1509 repertae
1269 1471 1343 1500 sunt
1367 1470 1400 1500 in
1417 1470 1603 1510 bybliotheca
1625 1472 1656 1505 S.
1677 1473 1768 1505 Galli

114 1521 171 1552 sub
193 1531 225 1552 n.
243 1521 315 1552 908.
368 1530 436 1551 cum
466 1522 569 1551 tamen
596 1520 634 1552 N
636 1520 808 1551 iebuhrio
837 1521 993 1551 inventori
1020 1523 1048 1551 et
1076 1520 1188 1552 editori
1212 1520 1304 1561 felici
1330 1522 1379 1553 uti
1406 1523 1499 1554 etiam
1530 1523 1652 1555 liciwrit
1679 1525 1767 1564 foliis

115 1572 222 1604 liberis
244 1571 397 1612 facileque
414 1571 598 1610 tractandis,
614 1573 725 1611 postea
741 1571 998 1612 bybliothecarius
1013 1572 1132 1603 anxius
1147 1572 1331 1612 sedulusque
1346 1575 1467 1605 secutus
1482 1574 1620 1607 ordinem
1636 1577 1768 1615 seriptu-

114 1634 169 1655 rae
196 1623 360 1662 secundae,
395 1633 458 1663 qua
487 1623 678 1663 ylossarium
705 1632 770 1654 non
799 1623 913 1653 attinet
940 1623 1032 1662 quale
1052 1623 1173 1662 pictum
1199 1626 1257 1661 est,
1290 1624 1420 1664 liyanda
1447 1626 1568 1656 curavit
1597 1636 1664 1658 eum
1692 1628 1768 1658 aliis

117 1674 278 1714 rescriptis
301 1675 336 1705 in
352 1683 560 1714 permaynum
582 1674 732 1710 volumen,
756 1673 845 1704 cuius
862 1674 1001 1713 payinae
1023 1683 1107 1704 nunc
1129 1674 1307 1706 obtinentur
1330 1676 1430 1707 verbis
1445 1676 1649 1709 Merobaudis
1671 1678 1744 1710 hac:

626 1732 685 1774 fol.
704 1733 727 1764 I
780 1743 854 1773 pay.
869 1733 1008 1764 255—0‘
1051 1736 1079 1764 et
1101 1734 1237 1765 273—4

625 1784 685 1826 fol.
702 1785 746 1816 II
780 1796 854 1825 pay.
870 1786 1009 1816 257—8
1053 1789 1080 1816 et
1102 1788 1240 1817 271*ss

625 1836 686 1877 fol.
702 1837 769 1868 ΙΙΙ
778 1847 854 1877 pay.
871 1837 1030 1867 259-60
1053 1840 1081 1868 et
1102 1838 1261 1868 269—70

625 1887 684 1929 fol.
703 1888 762 1919 IV
780 1899 855 1927 pay.
872 1889 1010 1919 „QZ—2
1054 1890 1082 1919 ct
1103 1890 1240 1920 267—8

116 1946 228 1986 folium
250 1947 333 1979 illud
357 1947 438 1987 quod
459 1956 544 1978 nune
571 1948 654 1978 ‘inter
679 1947 811 1978 dimidia
830 1947 888 1987 fol.
906 1947 974 1979 11⁷1·
996 1948 1126 1988 ligyatum
1149 1950 1206 1986 est,
1235 1949 1393 1988 sigynatum
1412 1949 1605 1989 paqinarum
1626 1952 1766 1983 numeris

115 2000 267 2037 263—6,
290 1998 375 2030 alius
397 1998 559 2030 cuiusdam
587 1999 659 2030 olim
682 1999 794 2030 codicis
812 1999 895 2040 fuit,
927 2008 990 2029 non
1013 1999 1226 2031 Merobaudis.
1272 2000 1430 2039 scriptura
1448 2000 1601 2041 foliorum
1623 2003 1668 2032 est
1690 2003 1764 2034 niti-

114 2050 244 2081 dissima
271 2050 445 2082 uncialium
456 2049 483 2091 ²)
513 2060 590 2081 saec.
610 2049 651 2091 Vl
659 2050 710 2081 VI
726 2060 805 2090 quae
832 2050 980 2090 hodieque
1002 2050 1103 2091 facile
1125 2051 1309 2091 plerumque
1337 2053 1462 2091 agnosci
1486 2053 1587 2092 possit
1616 2053 1682 2084 nis-i
1711 2054 1765 2085 ubi

109 2103 241 2142 propter
263 2102 444 2133 tenuitatem
463 2102 707 2141 pretiosissimae
730 2102 925 2134 membranae
941 2102 1073 2133 alterius
1090 2103 1228 2143 payinae
1244 2103 1365 2134 litterae
1380 2103 1547 2142 pellucent.
1593 2106 1627 2134 at
1648 2105 1764 2136 talibus

113 2162 231 2192 quoque
253 2153 289 2183 in
312 2153 386 2184 locis
403 2152 486 2194 folio
513 2155 621 2184 contra
651 2152 746 2185 lucem
773 2154 910 2193 opposito
938 2153 1010 2185 bene
1041 2156 1213 2185 cernuntur
1241 2154 1369 2194 vestiqia
1393 2155 1568 2186 litterarum
1591 2157 1764 2188 atramento

113 2206 308 2236 evanescente
330 2204 366 2235 in
388 2204 459 2244 ipsa
481 2204 664 2236 membrana
686 2214 787 2237 eoeesa.
832 2207 906 2236 sunt
928 2207 1031 2236 tamen
1053 2215 1140 2245 (litae,
1164 2215 1232 2236 cum
1254 2215 1338 2236 nune
1361 2205 1481 2236 lateant
1496 2206 1551 2237 sub
1568 2208 1650 2248 teryo
1668 2206 1764 2248 folio-

113 2265 183 2286 rum
199 2255 393 2294 interiorum,
416 2254 482 2287 sola
503 2256 565 2295 fide
580 2256 749 2288 Niebuhr-ii
771 2256 859 2288 hodie
881 2257 1035 2295 nitantur,
1059 2257 1215 2296 imprimis
1237 2256 1388 2288 carminis
1408 2257 1431 2288 I
1436 2256 1477 2288 V.-
1499 2267 1642 2289 versuum
1659 2260 1765 2290 1—22

115 2306 225 2337 tertiae
241 2308 408 2346 quartaeve
430 2307 550 2338 litterae
572 2309 600 2338 et
616 2308 803 2348 panegyyriei
822 2308 933 2347 poetici
948 2308 1076 2339 27—49
1098 2308 1249 2340 secundae
1272 2308 1319 2338 vel
1335 2308 1442 2339 tertiae
1458 2318 1478 2339 a
1491 2309 1563 2347 fine,
1586 2309 1640 2340 ubi
1654 2319 1764 2341 sensus

115 2358 237 2397 quidem
265 2357 320 2389 viee
347 2357 447 2389 ullam
474 2358 613 2390 admittit
640 2359 872 2391 dubitationem.
917 2360 1011 2399 peius
1040 2359 1195 2391 habentur
1222 2368 1329 2390 versus
1356 2359 1483 2398 quidam
1510 2359 1546 2390 in
1568 2361 1763 2401 nzaryinibus

109 2409 263 2449 foliorum
287 2411 351 2440 tum
373 2419 440 2441 cum
463 2419 562 2441 novus
584 2411 788 2442 consuebatur
809 2410 901 2441 codex
915 2410 1046 2442 secando
1062 2410 1220 2441 dimidiati
1242 2410 1289 2441 vel
1312 2410 1388 2441 adeo
1404 2420 1506 2449 paene
1521 2410 1632 2442 desecti
1653 2415 1761 2451 (earm.

113 2461 143 2498 3,
156 2461 185 2492 8.
209 2462 238 2498 4,
252 2461 304 2492 23.
322 2470 438 2501 paney.
456 2470 543 2500 pros.
570 2464 588 2491 1
603 2462 634 2493 Α
651 2464 679 2492 1.
704 2463 722 2492 1
740 2462 772 2493 Β
788 2464 816 2493 1.
835 2464 916 2501 poet.
934 2462 985 2494 50.
1010 2464 1082 2500 74),·
1104 2462 1149 2493 ibi
1163 2462 1244 2492 enim
1262 2464 1393 2501 tempore
1409 2462 1580 2493 nonnullae
1596 2463 1762 2501 perierunt

219 2554 243 2587 1)
260 2553 291 2580 de
304 2557 385 2588 poeta
402 2562 435 2580 ex
453 2554 562 2581 Baetica
580 2555 698 2581 oriundo
712 2564 807 2589 pauca
825 2564 893 2589 qaae
911 2555 1030 2581 novimus
1047 2555 1160 2587 sufkaiet
1178 2555 1222 2581 hie
1238 2555 1368 2581 adnotare
1381 2555 1454 2581 unde
1466 2558 1589 2588 conperta
1601 2555 1759 2582 habeantur.

113 2596 209 2622 titulus
222 2599 260 2623 est
272 2599 378 2623 statuae
390 2597 420 2623 in
432 2597 519 2630 ipsius
531 2597 656 2624 honorem
663 2599 765 2632 positae
777 2599 807 2624 'in
818 2599 879 2630 foro
896 2599 1016 2625 Traiano
1036 2598 1099 2624 CIL
1121 2598 1163 2625 VI
1172 2602 1242 2631 1724,
1262 2598 1293 2624 de
1311 2606 1365 2631 qua
1376 2601 1467 2624 statua
1479 2601 1571 2632 agjetnr
1583 2607 1612 2632 p.
1623 2603 1638 2625 9
1655 2602 1720 2625 nota
1733 2603 1761 2631 2,·

112 2638 180 2664 adde
198 2641 222 2665 et
234 2639 311 2665 verba
328 2639 500 2672 aliquantum
512 2640 638 2666 malevola
649 2641 818 2674 Apollinaris
830 2641 938 2667 Sidonii
949 2649 1029 2668 earm.
1048 2645 1070 2673 9,
1083 2644 1213 2668 296-301
1225 2644 1248 2667 et
1260 2641 1376 2675 Hydatii
1391 2641 1479 2668 chron.
1493 2642 1555 2668 min.
1576 2641 1613 2667 ΙΙ
1624 2650 1652 2674 p.
1663 2646 1704 2675 24,
1715 2645 1760 2668 128

112 2681 151 2707 ad
167 2690 192 2708 α.
203 2685 259 2708 443.
297 2682 328 2708 de
343 2682 457 2715 sinyulis
472 2683 549 2709 rebus
566 2691 599 2709 ex
615 2684 703 2717 ipsius
720 2684 883 2710 carminibus
900 2692 969 2718 quae
987 2683 1164 2717 addiscamus,
1183 2684 1365 2717 disputabitur
1379 2693 1406 2717 p.
1424 2688 1439 2710 9
1457 2687 1510 2711 not.
1526 2689 1546 2710 1.
1565 2688 1587 2710 2.
1606 2687 1639 2710 23
1656 2687 1680 2710 et
1688 2692 1716 2717 p.
1727 2687 1760 2710 20

113 2723 149 2749 ad
163 2732 262 2759 paneg.
350 2725 377 2758 2)
395 2724 425 2751 de
442 2725 575 2758 seoiptura
593 2729 616 2752 et
634 2726 665 2752 de
682 2726 871 2759 orthoyraphia
889 2735 947 2752 cum
964 2734 1032 2753 cura
1049 2734 1208 2759 eoeymnemus
1225 2728 1255 2753 in
1273 2727 1360 2754 indice
1376 2735 1402 2760 p.
1416 2732 1472 2753 444.

217 2778 378 2802 Semnones
395 2779 585 2807 Ammmssnn
604 2780 671 2803 XIV.
689 2779 710 2804 1.
1537 2787 1553 2804 a¹
