2106 3061
711 146 758 172 DE
777 146 954 173 LAVDIBVS
974 148 1032 174 DEI
1070 149 1080 174 I
1677 157 1716 186 25

487 241 619 282 protulit
641 241 807 282 inparibus
832 243 983 273 membris
1008 255 1203 286 numeroque
1229 247 1386 288 modoque

418 293 464 324 (46)
488 296 520 323 et
543 298 639 334 pavet
663 293 775 324 infelix
800 294 897 324 enixa
919 305 1079 336 puerpera
1102 300 1222 328 natum.

418 345 465 377 (4⁷)
488 344 545 375 ‘sic
568 347 703 386 peccata
726 348 841 386 parant
864 345 1025 377 horrenda
1048 347 1079 378 in
1104 349 1250 388 germina
1273 350 1402 391 partus‘.

485 399 560 427 ante
585 407 660 427 suos
684 400 772 427 ortus
796 397 872 438 quid
896 398 958 428 iam
983 403 1175 440 peccaverat
1198 400 1326 431 infans?

348 447 382 475 50
485 446 560 479 ‘non
584 448 644 479 fuit
666 448 795 479 infantis
818 449 953 488 facinus,
978 450 1035 481 scd
1061 450 1170 491 (f)orte
1195 455 1364 493 parentum

484 510 570 531 noxa
593 503 689 541 caput
713 500 866 541 sequitur,
890 511 1026 542 poenam
1051 502 1138 543 capit
1161 506 1235 534 ante
1261 503 1407 535 reatum.³

416 551 461 584 (5⁰)
485 552 561 593 quid
584 552 662 590 fera,
686 552 762 593 quid
785 552 937 593 pecudes,
963 553 1038 594 quid
1063 564 1240 595 peccavere
1264 556 1432 587 volucres?

485 603 560 644 quid
584 603 719 643 caelum,
744 603 819 644 quid
843 607 930 635 terra
953 605 1057 646 polus,
1082 605 1157 647 quid
1182 610 1299 647 pontus
1324 610 1356 638 et
1380 611 1488 638 astra?

485 655 561 696 quid
585 655 661 686 solis
685 655 778 695 radii,
802 655 878 696 quid
902 656 998 687 lunae
1022 657 1157 698 frigidus
1182 658 1288 689 orbis?

348 706 381 732 55
484 717 592 738 nonne
615 707 792 748 fatigantur
815 707 928 739 dantes
952 719 1009 749 per
1032 712 1177 750 tempora
1199 710 1309 751 signa?

484 769 557 789 nam
582 761 718 790 ventura
740 762 849 790 monet
871 770 930 801 per
953 762 1000 790 tot
1024 760 1195 801 praesagia
1219 771 1350 792 somnus

417 810 462 842 (⁵¹⁷)
486 809 630 851 proditor
654 813 687 841 et
711 810 785 851 quid
810 811 851 841 sit
875 813 947 852 post
970 813 1117 852 tempora
1141 815 1230 843 certa
1253 812 1394 844 futurum

347 861 380 887 59
416 861 460 893 (⁵⁷)
484 861 631 903 quodque
655 861 793 893 hominis
818 862 902 893 mala
925 862 1034 904 lingua
1058 865 1153 901 tacet,
1178 863 1247 894 fera
1269 864 1366 895 belua
1389 865 1486 906 piscis

347 912 380 939 58
416 913 461 945 (⁵⁶)
487 914 634 955 cornipes
659 913 785 953 effatur,
810 914 952 955 pecudes
976 915 1188 956 volucresque
1213 916 1396 956 loquuntur:

347 964 380 991 60
416 966 462 997 (⁵⁸)
487 964 669 1006 despiciunt
693 965 813 1007 proprii
837 965 966 1006 generis
991 977 1120 997 servare
1144 967 1276 1008 figuras,

484 1020 596 1048 contra
619 1020 765 1048 naturam
790 1017 865 1048 dum
889 1018 996 1060 turpia
1020 1019 1165 1050 membra
1189 1019 1358 1051 rebellant.

416 1069 462 1102 (60)
487 1079 561 1100 nam
585 1069 682 1100 micat
704 1069 790 1100 unde
814 1070 887 1111 polo
912 1070 1046 1101 veniens
1071 1070 1263 1112 quicumque
1288 1074 1440 1109 cometes,

483 1121 558 1152 hinc
582 1124 703 1152 matres
728 1124 760 1152 et
784 1124 928 1152 monstra
951 1124 1072 1160 creant,
1095 1122 1170 1152 hinc
1194 1122 1280 1153 unda
1304 1133 1435 1154 cruores

483 1173 584 1204 inficit
608 1176 641 1204 et
665 1173 785 1214 spumis
809 1173 1014 1204 rubicundior
1039 1174 1151 1205 alveus
1176 1174 1255 1213 exit,

346 1225 380 1251 65
484 1225 558 1256 hinc
582 1224 701 1256 calidas
726 1224 808 1266 pluit
831 1225 934 1256 imber
957 1236 1058 1266 aquas
1083 1229 1115 1257 et
1140 1225 1265 1257 roscida
1288 1225 1383 1256 tellus

485 1276 643 1317 sanguine
667 1276 821 1317 puniceas
846 1276 943 1318 spicis
968 1276 1115 1318 producit
1138 1277 1252 1308 aristas

435 1335 459 1352 65
484 1331 515 1358 et
538 1327 623 1359 viola
647 1330 696 1359 est
719 1328 855 1359 mentita
878 1339 984 1359 rosam
1009 1329 1132 1370 pallore
1157 1329 1279 1370 fugato,

484 1382 517 1410 at
541 1379 638 1410 rubor
661 1379 774 1410 infelix
798 1383 830 1410 et
854 1379 989 1411 candida
1013 1380 1079 1411 lilia
1102 1380 1210 1412 tinxit.

484 1431 580 1462 tertia
603 1442 671 1462 sors
694 1431 794 1462 Erebi
818 1434 924 1463 terrae
949 1433 1127 1474 prorumpit
1150 1432 1239 1463 hiatu

348 1483 381 1509 70
485 1485 517 1514 et
540 1482 634 1513 discit
656 1482 801 1524 perferre
825 1483 921 1522 diem,
945 1484 1066 1515 violare
1091 1494 1242 1515 serenum

484 1534 581 1565 audet
604 1537 635 1564 et
659 1544 844 1575 exsangues
869 1534 958 1566 caelo
981 1534 1160 1576 producere
1184 1546 1297 1566 manes

416 1586 461 1618 (⁷0)
485 1585 592 1616 vivida
614 1585 756 1617 funereis
779 1585 961 1616 admiscens
986 1597 1051 1625 ora,
1077 1587 1212 1627 sepultis

482 1637 629 1678 pestibus
653 1636 834 1668 Herculeos
858 1637 976 1668 mundo
1000 1638 1135 1668 mentita
1158 1638 1292 1674 furores,

484 1699 555 1719 cum
579 1689 671 1730 niger
694 1688 880 1720 umbrarum
904 1689 1036 1720 veniens
1062 1690 1224 1720 exercitus
1250 1690 1360 1721 orbem

347 1741 379 1767 75
483 1740 606 1782 appetit
628 1740 785 1772 invadens
809 1751 872 1771 non
896 1740 1027 1772 humida
1051 1744 1198 1782 tempora
1222 1741 1327 1772 lunac.

481 1791 608 1823 auditur
631 1792 754 1833 mugire
778 1793 891 1832 solum,
915 1793 1054 1834 solisque
1079 1793 1228 1823 tenebras

414 1844 460 1877 (⁷5)
484 1844 554 1885 quis
578 1847 676 1885 neget
700 1847 733 1875 et
758 1844 869 1875 stellas
893 1844 999 1875 alieno
1024 1848 1169 1886 tempore
1193 1845 1292 1884 visas,

483 1896 668 1927 caeruleum
691 1896 814 1937 pallore
839 1895 923 1927 diem
946 1906 1117 1927 roseumve
1143 1897 1250 1927 colore

74 2029 100 2052 ιή
120 2028 154 2053 O:
173 2027 216 2065 623
236 2026 275 2052 71.
295 2026 404 2052 74-77.

175 2112 209 2138 48
227 2118 249 2138 ει
267 2112 367 2138 50—51
387 2113 565 2137 adversarium
583 2112 658 2137 aliter
677 2112 776 2136 inducit
795 2116 816 2136 et
835 2113 953 2137 horrendi
973 2112 1088 2143 germina
1102 2112 1160 2143 lessi!
1180 2112 1266 2143 Meyer
1354 2112 1387 2135 52
1406 2115 1463 2143 peto
1482 2111 1525 2135 (les
1544 2110 1576 2141 B,
1594 2119 1660 2134 corr.
1675 2109 1716 2133 Jl²

107 2156 140 2181 56
160 2157 294 2189 praesagia
312 2164 405 2180 corvus
424 2155 537 2180 Arevalo
628 2155 661 2180 59
680 2164 761 2187 plsces
780 2155 812 2185 B,
831 2155 930 2179 corresi
948 2159 970 2180 et
989 2154 1021 2179 58
1040 2159 1062 2179 ct
1075 2155 1106 2180 59
1126 2154 1208 2179 Iocum
1226 2155 1291 2179 inter
1310 2163 1335 2178 sc
1354 2158 1452 2178 ”tumre
1471 2154 1532 2177 iussi
1618 2152 1651 2177 58
1671 2152 1716 2183 (et)

73 2198 177 2231 statmr)
197 2199 242 2229 B¹,
261 2197 394 2231 (et)sat(ur)
414 2198 457 2228 ΗΖ,
477 2199 568 2223 effatur
588 2198 621 2221 ΓΖ
693 2199 781 2223 cornix
801 2199 892 2223 effatur
912 2198 1023 2222 Arevalo
1100 2197 1132 2222 62
1151 2198 1209 2222 uolo
1225 2198 1245 2222 0
1312 2198 1415 2222 comites
1429 2197 1453 2221 B
1540 2195 1573 2221 64
1591 2196 1679 2220 albens
1694 2196 1717 2219 B

107 2242 140 2267 65
162 2241 258 2276 calidus
278 2242 302 2266 B
405 2241 438 2266 66
456 2241 597 2274 p(ro)ducis
617 2242 648 2272 B,
671 2250 737 2266 corr.
755 2241 786 2265 M
888 2241 921 2265 68
940 2242 977 2265 Ac
996 2241 1028 2271 B,
1053 2241 1154 2265 currem*
1259 2239 1292 2264 70
1310 2239 1438 2272 p(er)serri
1457 2239 1502 2270 ΒΧ,
1522 2248 1588 2264 corr.
1612 2239 1649 2263 B²

73 2285 104 2309 71
124 2294 256 2317 exangues
277 2285 307 2315 C,
332 2293 475 2317 exsengues
493 2284 518 2308 B
588 2293 677 2309 munes
699 2285 720 2308 0
813 2283 846 2308 74
866 2285 1014 2309 umbrarum
1038 2293 1053 2308 a
1077 2285 1145 2308 saxis
1164 2284 1268 2308 veniens
1296 2284 1317 2307 Ο
1375 2284 1435 2308 orbe
1454 2283 1478 2307 B
1574 2281 1606 2307 75
1624 2283 1717 2306 INsnut

73 2329 198 2353 inuadsns
219 2328 240 2352 C
291 2332 403 2360 tempora
421 2328 526 2352 brumae
547 2327 569 2351 U
641 2326 672 2352 76
691 2327 807 2352 auditum
827 2328 939 2352 siv-evulo
992 2328 1087 2360 pallere
1105 2327 1197 2358 Peiper
1272 2325 1304 2351 ’ἶὸ
1323 2326 1415 2357 colore(
1419 2325 1452 2358 m)
1472 2326 1504 2357 B,
1523 2335 1589 2350 corr.
1604 2325 1715 2350 Aret-alo

175 2447 208 2473 46
230 2446 335 2473 Lucan.
354 2452 375 2479 1,
392 2450 438 2473 562
460 2446 662 2480 monstrosique
691 2446 833 2473 hominum
858 2448 953 2480 partus
979 2456 1147 2480 numeroque
1175 2447 1310 2479 modoque
1339 2446 1521 2473 membrorum
1544 2446 1715 2478 matremque

74 2508 137 2525 suus
156 2498 308 2525 contenuit
326 2498 426 2525 infans.
462 2499 496 2531 cf.
512 2498 606 2525 Claud.
619 2499 649 2524 in
660 2499 742 2524 Ειιιν.
756 2503 775 2531 1,
788 2503 800 2524 1
819 2499 958 2525 semiferos
973 2500 1068 2532 partus
1082 2499 1284 2531 metuendaque
1299 2498 1417 2532 pignora
1436 2497 1526 2524 matri.
1539 2497 1621 2522 Anth.
1634 2500 1691 2527 224,
1704 2500 1718 2522 7

75 2550 222 2576 concubitu
246 2550 322 2584 turpi
344 2552 496 2577 monstrum
520 2551 657 2584 paritura,
682 2551 826 2577 biformem
849 2559 931 2584 quem
956 2552 1044 2578 mater
1070 2551 1130 2584 ipsa
1149 2559 1226 2576 suum
1245 2550 1344 2576 timeat
1364 2549 1523 2583 contingere
1542 2550 1638 2575 natum

74 2603 106 2629 58
125 2602 252 2636 cornipes
269 2610 290 2628 r.
305 2602 378 2628 Ptin.
397 2605 453 2629 nat.
467 2606 491 2635 8,
502 2606 547 2628 161
661 2603 694 2629 59
712 2602 786 2628 mala
804 2602 837 2634 ef.
852 2607 873 2635 1,
888 2606 949 2629 490.
968 2606 990 2635 3,
1004 2606 1061 2629 668,
1081 2605 1128 2628 sat.
1143 2606 1177 2628 44
1291 2602 1325 2628 62
1344 2601 1416 2628 unde
1435 2604 1459 2627 ct
1478 2601 1511 2627 63
1530 2600 1594 2626 hinc
1612 2599 1715 2626 cccecsah'

74 2653 98 2679 ri
115 2654 202 2686 accipe
287 2653 317 2679 dc
333 2662 362 2679 re
380 2662 401 2680 v.
420 2654 519 2681 Manil.
539 2659 560 2687 1,
574 2658 622 2681 892
635 2662 687 2687 sqq.
708 2654 768 2680 Son.
785 2657 840 2680 nab.
863 2658 882 2687 7,
899 2658 935 2687 17,
949 2658 970 2681 3.
996 2654 1068 2688 Vno-9.
1086 2662 1165 2687 ycory.
1181 2657 1201 2686 1,
1218 2657 1269 2680 488
1377 2653 1410 2679 63
1428 2653 1461 2685 cf.
1478 2652 1527 2678 Cic.
1546 2652 1596 2677 dir.
1611 2656 1631 2682 1,
1647 2654 1681 2677 98

75 2705 107 2731 72
127 2704 219 2730 Claud.
233 2708 274 2737 35,
287 2708 333 2730 221
352 2705 419 2738 quid
437 2705 502 2731 viva
520 2706 637 2739 sepultis
656 2705 810 2732 admisces?
829 2708 863 2739 cf.
881 2706 984 2739 Corripp.
1000 2705 1052 2731 Joh.
1066 2708 1088 2738 3,
1101 2708 1151 2731 347
1162 2714 1213 2738 sqq.
1315 2705 1347 2730 75
1366 2712 1421 2730 own
1439 2706 1517 2730 nocta
1534 2703 1578 2729 secl
1596 2702 1715 2728 interduo

109 2757 141 2782 76
165 2755 238 2789 Very.
252 2756 318 2782 Aen.
332 2760 355 2789 6,
367 2760 419 2783 256
438 2757 544 2791 mugire
563 2757 651 2783 solum
670 2758 704 2789 cf.
719 2757 823 2784 Lucan.
837 2760 860 2790 3,
872 2762 920 2783 418
1025 2757 1057 2783 78
1077 2757 1166 2783 colore¹
1185 2756 1236 2782 scil.
1255 2756 1404 2790 ειιιιφιίιιου

177 2810 337 2834 Serum-omas
355 2811 543 2839 Annomssnm
556 2811 616 2835 XIV
630 2810 652 2835 1.
1493 2806 1509 2831 4
