2106 3061
677 103 723 128 DE
741 102 878 129 EVGENI
898 103 1095 130 CODICIBVS.
1674 108 1709 134 IL

66 191 101 221 in
124 189 279 221 indicibus
302 189 460 220 verborum
483 190 510 220 et
531 189 732 228 qrammatico
754 198 837 220 meas
860 199 952 220 ouras
975 190 1059 220 baud
1080 200 1155 221 raro
1177 192 1285 221 auctas
1308 192 1353 222 vel
1374 194 1525 231 spectatas
1540 203 1610 224 esse.
1647 194 1709 225 solo

66 242 101 272 de
124 241 224 272 indice
247 240 479 280 orthoqrapliz'co
501 239 699 271 adiciendum
721 240 852 279 aliquid.
898 241 1051 279 composui
1074 251 1137 272 non
1164 242 1262 273 solum
1290 244 1325 272 ut
1351 246 1539 282 apparatum
1570 245 1709 276 criticum

66 302 264 323 exonerarem
287 291 540 322 adnotat-ionibus
562 291 605 321 ad
626 290 841 322 constituenda
863 291 955 322 verba
974 291 1044 332 fere
1066 292 1247 330 inutilibus,
1277 293 1331 324 sed
1357 294 1449 324 etiam
1475 297 1510 325 ut
1533 305 1595 334 pro
1617 299 1710 336 parte

66 344 153 375 virili
177 343 377 382 aliquantum·
401 341 573 383 conferrem
596 342 638 372 ad
661 342 896 382 eoqnoseendam
918 342 1080 373 historiam
1103 343 1150 374 rei
1179 344 1428 383 ortlzoqrapliieae
1458 346 1588 384 latinae,
1617 358 1710 386 qaam

67 397 132 425 tum
155 395 275 425 demum
298 394 388 425 certis
409 394 445 424 in
460 393 630 432 permultis
658 393 890 432 quaestionibus
911 393 1126 432 fundamentis
1152 395 1302 426 nimirum
1331 405 1393 426 esse
1425 399 1541 428 constat
1569 408 1636 428 cum
1664 399 1710 430 rel

64 445 270 485 posteriorum
293 445 486 476 saeculorum
512 454 588 476 usus
615 446 643 475 et
665 445 746 475 ratio
769 444 924 475 scribendi
952 444 1133 484 diliqentius
1164 448 1256 476 erunt
1284 447 1455 485 explorata.
1506 449 1598 479 simul
1628 449 1711 488 aptis

66 497 139 528 locis
167 496 315 528 adnotavi
347 496 376 527 si
404 495 481 535 quid
503 506 541 526 ex
571 506 604 526 re
634 495 869 536 ortlioqrapliica
898 495 1073 527 abstrusius
1105 496 1140 527 de
1171 497 1289 537 oriqine
1320 500 1347 528 et
1377 501 1548 536 parentatu
1576 501 1710 532 codicum

65 548 205 589 eoqnosci
223 549 354 587 poterat.

167 599 290 638 iamque
311 599 390 629 satis
405 598 592 640 praefatum
615 608 678 629 esse
701 598 837 629 arbitror
860 600 895 628 ut
918 598 972 637 qui
993 598 1048 629 boe
1070 598 1148 629 libro
1171 601 1242 629 ante
1266 599 1320 630 lios
1343 602 1454 639 septem
1483 612 1583 633 <amos
1611 606 1711 642 coepto

66 653 92 682 et
116 651 241 689 saepius
263 650 298 681 ob
321 650 388 681 alia
411 650 535 689 neyotia
558 649 663 680 relicto
686 659 740 680 nec
763 649 905 680 derelicto
928 650 1021 680 usuri
1044 652 1118 680 sunt
1141 650 1217 689 quid
1238 652 1359 681 secutus
1381 652 1515 691 quidque
1538 656 1712 685 consecutus

64 702 122 733 sim
158 701 299 732 iudicare
332 701 466 732 valeant.
525 710 580 732 nee
617 703 719 731 tamen
752 700 833 731 decet
870 701 961 731 silere
994 701 1049 740 qui
1080 711 1157 740 opus
1188 704 1244 731 aut
1281 703 1440 733 suaserint
1473 706 1528 733 (cut
1565 704 1710 736 iuverint.

65 751 350 784 BVECHELER
359 751 410 783 Vs
432 752 542 792 iqitur,
574 751 617 782 ad
638 761 725 790 quem
749 751 850 782 redire
872 751 946 782 libri
971 752 1064 783 initia
1086 753 1174 792 qrato
1196 753 1301 783 (mimo
1324 753 1422 784 libens
1439 755 1596 793 profiteor,
1621 756 1711 787 illum

63 814 150 843 quem
174 803 246 834 olim
268 803 483 833 Illonumentis
508 802 698 834 Germaniae
720 812 751 833 se
771 803 996 841 praestiturum
1021 803 1083 842 ipse
1101 804 1291 842 promiserat
1313 807 1346 835 ut
1362 805 1512 836 edendum
1527 807 1711 845 susciperem

64 854 286 886 fllerobaudem
309 864 355 884 me
377 853 517 884 hortatus
537 853 817 890 MOMMSENO,
842 854 929 885 cuius
953 854 1064 885 sideris
1087 855 1182 885 lucem
1205 865 1289 886 nune
1313 857 1482 887 extinctam
1505 867 1607 889 omnes
1630 859 1711 898 luqe-

66 915 135 937 mus
158 908 187 937 et
208 905 388 945 luqebimus,
409 906 570 944 persuasit
592 907 627 935 ut
648 916 668 936 a
691 915 736 935 me
759 905 895 936 oblatum
919 906 1070 945 acciperet
1090 906 1305 946 probarctque.
1344 907 1454 938 accidit
1472 911 1573 939 azitem
1590 911 1624 940 ut
1639 912 1712 941 tune

64 958 164 996 ‘ipsum
176 957 377 997 praefectura
393 959 555 988 auctorum
570 957 863 996 antiquissimorum
878 967 898 988 a
914 957 1106 988 IlIommseno
1123 957 1353 998 transferretur
1372 959 1414 989 ad
1430 959 1715 992 LVDOVIGVM

68 1008 264 1046 TRAVBE,
289 1008 393 1047 quire
408 1007 530 1039 diutius
552 1010 581 1038 et
603 1008 710 1039 varias
733 1008 767 1038 in
785 1011 896 1047 partes
919 1008 1088 1040 deliberata
1111 1020 1226 1040 mecum
1249 1010 1400 1040 rationem
1424 1010 1590 1042 voluminis
1611 1012 1668 1043 XI
1674 1013 1712 1043 Vf

66 1060 108 1091 ita
132 1059 290 1091 constituit
306 1060 508 1099 partitusque
530 1061 574 1090 est
597 1061 631 1089 ut
653 1069 705 1100 eqo
727 1059 950 1091 Merobaudem
973 1059 1182 1091 Dracontium
1205 1060 1393 1100 Euqenium,
1418 1062 1481 1100 ipse
1504 1063 1711 1103 antlioloqiam

64 1121 156 1151 quam
179 1111 277 1142 dicere
300 1111 511 1142 consuevimus
534 1110 767 1142 Salmasianam
792 1112 974 1151 minoraque
996 1111 1152 1152 Afrorum
1176 1112 1452 1153 Hispanorumque
1480 1114 1612 1145 eiusdem
1644 1117 1712 1146 aevi

64 1163 205 1194 earmina
228 1164 360 1194 curaret.
406 1163 488 1202 quod
509 1163 671 1194 consilium
697 1173 772 1194 num
795 1163 967 1202 aliquando
993 1164 1126 1194 solidum
1152 1166 1347 1203 perpetretur
1375 1165 1525 1195 incertum
1554 1166 1713 1197 reddidere

63 1224 112 1245 res
134 1216 162 1245 et
181 1214 252 1254 fata
276 1214 445 1251 societatis;
467 1216 544 1246 certe
570 1214 728 1245 Traubius
746 1216 884 1255 priorem
904 1217 1025 1254 partem
1049 1216 1149 1254 operis
1171 1216 1371 1246 communiter
1394 1217 1526 1256 suseepti
1548 1226 1712 1256 nunquam

63 1266 185 1297 auxilio
218 1267 246 1296 et
278 1266 460 1297 auctoritate
493 1275 553 1297 sua
582 1266 766 1297 denudavit:
806 1267 1012 1305 consiliando,
1052 1267 1256 1305 (almenardo,
1287 1267 1495 1298 dissuadendo
1526 1269 1713 1308 eorriqendo,

62 1317 275 1348 <intercedendo
296 1326 458 1356 nunquam
480 1318 582 1355 fessus
605 1319 661 1348 aut
683 1318 817 1348 satiatus
841 1318 956 1349 librum
979 1320 1153 1349 nascentem
1176 1320 1203 1349 et
1227 1320 1381 1349 auctorem
1397 1328 1460 1349 non
1477 1320 1539 1349 tam
1556 1330 1593 1350 ex
1609 1320 1712 1360 officio

63 1378 157 1408 quam
187 1369 287 1399 amico
316 1369 421 1400 animo
449 1371 477 1399 et
509 1368 590 1399 altat
618 1371 646 1399 et
671 1370 833 1408 promovit.
883 1370 948 1400 iam
975 1370 1008 1400 in
1032 1370 1222 1409 eonqerenda
1248 1371 1381 1400 materia
1413 1380 1476 1400 non
1510 1380 1556 1400 mc
1586 1372 1713 1411 reliquit

62 1420 190 1451 societas
212 1419 504 1451 IlIonumentorum:
527 1420 834 1452 DVEMMLERO
856 1421 891 1452 cl.
916 1432 954 1451 m.
973 1421 1120 1461 praeside
1138 1423 1343 1459 ywocuratum
1370 1423 1413 1452 est
1445 1424 1479 1451 ut
1512 1422 1574 1460 ipse
1601 1422 1714 1462 byblio-

63 1471 164 1502 thecas
180 1470 339 1502 Helvetiae
355 1471 529 1510 Italiaeque
544 1471 672 1502 adirem.
711 1475 804 1511 atque
820 1473 912 1503 etiam
936 1472 1194 1512 bybliothecarum
1209 1472 1370 1511 praesides
1385 1483 1420 1503 ea
1438 1473 1624 1504 liberalitate
1640 1484 1713 1513 erqa

62 1532 108 1553 me
136 1522 184 1552 uti
211 1522 374 1553 voluerunt
396 1533 458 1562 qua
481 1524 620 1554 maxima
644 1523 680 1554 de
703 1524 816 1554 litteris
839 1523 950 1554 merita
972 1524 1031 1554 sibi
1050 1534 1169 1562 parare
1191 1523 1285 1554 liuius
1308 1524 1429 1555 ordinis
1451 1524 1541 1555 decus
1568 1527 1596 1555 et
1620 1535 1715 1564 prae-

65 1573 182 1605 sidium
211 1576 268 1604 est:
299 1575 424 1605 nomino
445 1574 622 1615 praefectos
644 1577 672 1605 et
694 1585 899 1606 amsmuenses
922 1575 1180 1616 bybliothecarum
1203 1575 1581 1607 BAMBERGENSIS
1600 1576 1713 1607 BER-

65 1629 235 1661 NENSIS
250 1629 315 1660 BR
324 1629 613 1662 VXELLENSIS
629 1631 1017 1662 MEDIOLANENSIS
1029 1631 1331 1663 MONACENSIS
1346 1631 1717 1662 NEAPOLITANAE

67 1685 422 1717 SANGALLENSIS
442 1686 710 1718 VATICANAE
732 1687 1020 1718 VERONENSIS
1041 1686 1434 1724 VINDOBONENSIS;
1452 1688 1597 1726 inprimis
1613 1690 1715 1718 autem

65 1737 118 1768 lioc
141 1737 203 1768 loco
225 1737 302 1768 milii
322 1738 443 1777 qratiae
466 1738 602 1777 ayendae
625 1740 699 1769 sunt
716 1739 864 1777 patribus
886 1738 1115 1769 Bollandianis
1138 1739 1192 1777 qui
1215 1739 1281 1769 suis
1302 1738 1456 1769 thesauris
1480 1749 1572 1777 quam
1601 1739 1714 1770 libcra-

66 1789 181 1819 lissime
209 1788 288 1819 milii
315 1791 349 1819 ut
377 1791 479 1820 uterer
498 1800 556 1828 per
578 1790 698 1829 aliquot
721 1799 838 1821 menses
856 1791 1068 1829 permiserint.
1109 1791 1141 1821 in
1165 1790 1291 1821 edendis
1314 1792 1341 1820 et
1366 1790 1541 1821 tractandis
1551 1792 1714 1830 poetarum

65 1840 166 1871 verbis
188 1840 377 1871 Bucolielero
400 1842 428 1871 et
454 1841 590 1872 Traubio
613 1842 668 1881 qui
688 1841 843 1880 indefessa
861 1852 954 1881 opera
969 1852 1015 1872 me
1031 1842 1168 1872 comitati
1184 1844 1257 1872 sunt
1280 1841 1568 1873 SKVTSOHIVS
1590 1842 1716 1872 accessit

66 1893 94 1921 ct
122 1891 221 1922 multu
249 1892 364 1931 eqreqie
393 1893 512 1923 monuit
534 1893 765 1932 praecipueque
791 1893 910 1924 Catulli
933 1895 961 1923 et
984 1893 1076 1924 Persi
1099 1893 1227 1932 rcstiqia
1250 1894 1283 1923 >in
1308 1892 1357 1923 liis
1380 1893 1570 1923 carminibus
1592 1892 1714 1923 detexit.

62 1944 185 1981 partem
208 1943 290 1980 libri,
313 1942 559 1984 satisfactionem
576 1944 690 1975 scilieet
704 1947 731 1974 et
748 1944 909 1982 Romulea,
934 1945 1027 1975 etiam
1043 1943 1134 1975 LEO
1151 1944 1311 1983 percurrit
1326 1946 1492 1983 (mtequam
1508 1944 1716 1974 absolveretur

67 2004 134 2025 cam
157 2004 268 2034 maqno
290 1995 337 2025 rei
359 1996 387 2025 et
409 1994 536 2026 editoris
554 1994 668 2036 fructu
690 1998 725 2026 ut
753 1996 785 2025 in
817 1998 903 2026 tanto
932 1996 997 2026 viro
1031 2005 1094 2026 non
1129 2005 1204 2034 opus
1233 1997 1276 2025 est
1300 1995 1490 2034 confirmari.
1540 1995 1715 2034 proverbiis

67 2045 264 2085 anenianis
286 2055 375 2077 suam
398 2048 433 2076 ut
453 2047 535 2086 reyis
559 2047 592 2077 in
614 2047 671 2078 leae
687 2047 853 2086 provincia
877 2047 1027 2087 deneqare
1050 2057 1173 2086 operam
1196 2047 1296 2077 noluit
1324 2046 1381 2078 CR
1390 2046 1528 2078 VSIVS.

172 2105 231 2136 iam
252 2105 383 2144 prodeat
406 2105 484 2137 liber
509 2105 599 2137 TRA
609 2105 717 2137 VBIO
740 2106 930 2137 dedicandus
952 2107 980 2137 si
997 2117 1058 2146 per
1082 2107 1158 2145 leqes
1182 2107 1335 2137 societatis
1358 2107 1503 2137 licuisset.

170 2191 325 2223 DIonaei
340 2202 369 2224 a.
383 2191 410 2222 d.
429 2192 501 2223 VII.
519 2192 582 2223 leat.
601 2192 685 2231 Sept.
702 2204 731 2224 a.
750 2194 841 2223 1904.

1196 2304 1287 2342 ΡΒ.
1326 2303 1611 2344 I'OLLJOER.

173 2767 334 2789 scmpmmis
352 2766 541 2793 ANqumssnn
560 2765 628 2788 XIV.
644 2764 665 2789 1.

1484 2772 1501 2795 Οἳ.
