2106 3061
705 168 855 195 EVGENII
891 168 1145 195 HEXAEMERON
1701 180 1740 208 37

446 262 483 282 2⁵2
513 256 571 287 has
596 255 714 287 virides
738 255 984 296 pennafrcddit,
1009 255 1067 286 has
1092 256 1231 288 discolor
1254 263 1346 290 ornat

360 308 408 335 135
512 308 612 339 multa
635 317 693 349 per
716 307 901 338 innumeras
927 318 1058 338 currens
1082 309 1209 349 pictura
1232 311 1390 350 volueres,

513 362 545 390 et
568 358 694 390 levibus
718 361 848 389 tenuem
873 358 1048 389 subtexunt
1072 369 1147 390 acra
1170 361 1295 401 plumis.

444 417 480 436 25⁵
511 410 581 451 ipsa
605 409 673 441 dies
697 409 810 440 folium
834 409 931 440 ramis
956 413 988 440 et
1012 410 1141 441 floribus
1166 411 1284 443 herbas

513 463 632 494 evomit
656 464 688 493 et
712 462 807 503 spicis
831 462 918 492 acuit
943 472 1036 502 seges
1060 463 1161 493 omnis
1185 464 1311 495 aristas

512 514 593 544 silva
617 513 715 544 comis
740 513 858 543 vestita
881 513 963 544 viret
986 513 1144 554 nidosque
1169 515 1321 556 loquaces

359 565 408 592 140
511 564 642 596 exhibet
667 567 699 596 et
723 565 827 595 varias
853 564 1004 595 decantat
1027 566 1157 606 garrula
1179 577 1286 605 voces,

511 627 608 658 quum
632 615 825 657 vagabunda
848 616 936 647 volat
959 627 1021 647 non
1046 617 1140 647 motis
1164 617 1331 659 plausibus
1355 619 1439 650 ales:

441 674 479 693 26ο
510 667 678 698 frondibus
703 667 847 698 insidens
873 670 967 698 vento
993 678 1064 699 cum
1089 668 1201 699 fronde
1225 673 1374 701 movetur

510 719 675 760 unguibus
699 718 738 749 ad
762 729 866 749 ramos
890 718 991 749 infixa
1015 719 1184 750 tenacibus
1208 719 1357 752 haerens.

509 770 722 812 pennigerum
746 780 883 801 vernare
908 780 1020 801 nemus
1045 781 1144 812 vapor
1166 775 1261 813 urget
1285 772 1316 802 in
1340 782 1418 803 usus

357 822 405 848 145
509 822 653 863 pigneris
678 824 711 852 et
734 821 825 852 molli
849 821 1024 852 durescunt
1047 832 1107 853 ova
1130 825 1253 864 tepore.

508 876 693 914 pennantur
715 873 860 904 membra
883 873 995 914 globis,
1021 874 1213 913 animantur,
1239 874 1401 911 anhelant,

443 930 480 950 26⁵
510 926 711 965 rumpuntur,
737 924 902 955 confracta
927 928 1052 963 sonant,
1078 926 1197 957 nutrita
1221 926 1347 957 volatus

508 978 668 1017 temptant
692 978 724 1007 et
748 975 880 1007 rudibus
905 976 1065 1007 librantur
1088 977 1120 1007 in
1144 987 1220 1008 aera
1243 978 1367 1019 pennis.

510 1028 566 1059 sed
592 1038 664 1059 cum
688 1027 874 1059 discordent
897 1028 981 1059 inter
1005 1038 1039 1059 se
1065 1028 1227 1060 elementa
1252 1033 1374 1067 coacta,

356 1078 404 1105 150
508 1079 629 1111 fetibus
654 1079 778 1110 eductis
803 1079 1000 1111 concordant
1023 1079 1110 1111 unda
1133 1081 1184 1111 vel
1208 1081 1308 1121 ignis:

507 1131 593 1162 unda
617 1135 707 1163 creat
730 1131 888 1171 volucres,
914 1131 1062 1173 producit
1086 1132 1214 1163 flamma
1237 1133 1395 1164 volucres.

439 1190 477 1208 270
507 1183 628 1225 pabula
651 1183 769 1214 montis
795 1187 897 1222 erant,
927 1183 982 1214 sed
1006 1194 1070 1214 non
1095 1184 1147 1224 qui
1171 1188 1319 1225 pasceret
1342 1185 1460 1216 herbas

507 1234 625 1266 adfuit:
650 1235 791 1266 intactae
816 1235 1001 1266 senuissent
1024 1235 1155 1266 floribus
1181 1236 1311 1274 herbae,

442 1292 480 1312 272
510 1287 542 1318 ni
567 1286 732 1328 pascenda
756 1287 849 1318 daret
873 1287 971 1318 tellus
996 1287 1139 1318 iumenta
1162 1298 1220 1329 per
1244 1298 1350 1329 agros.

354 1337 402 1363 155
438 1352 471 1356 -
594 1341 690 1369 sexta
714 1338 783 1369 dies
806 1338 929 1369 Phoebi
954 1339 1047 1369 rutilo
1072 1343 1276 1380 processerat
1301 1342 1381 1379 ortu⁷

437 1405 469 1408 -
507 1400 577 1421 cum
603 1393 718 1421 natura
741 1401 859 1432 parens
883 1390 988 1431 gignit
1012 1390 1188 1421 animantia
1212 1391 1315 1422 terris.

437 1448 474 1467 273
506 1442 656 1472 cornibus
682 1444 854 1483 erumpunt
877 1445 1001 1473 armata
1024 1442 1128 1474 fronte
1152 1443 1279 1474 iuvenci

508 1496 541 1525 et
563 1504 621 1535 per
644 1497 736 1536 prata
760 1504 861 1535 vagos
886 1494 1031 1535 sequitur
1055 1505 1114 1525 sua
1137 1495 1270 1525 vaccula
1295 1498 1422 1531 tauros;

437 1551 473 1571 2⁷⁵
506 1556 621 1576 cervus
645 1546 677 1576 in
701 1556 778 1576 arva
802 1546 902 1587 fugax
926 1546 1077 1587 palmatis
1103 1546 1254 1577 cornibus
1279 1550 1364 1577 errat

353 1596 401 1623 160
505 1600 537 1628 et
560 1597 658 1629 velox
681 1597 860 1639 prorumpit
884 1608 996 1639 equus,
1019 1608 1119 1639 pecus
1143 1599 1221 1629 utile
1246 1598 1333 1629 belli.

506 1649 595 1691 inpia
618 1649 778 1681 terribiles
803 1648 952 1691 producit
975 1652 1061 1680 terra
1085 1650 1206 1690 leones,

505 1701 692 1743 simplicitas
717 1701 825 1733 ovium
849 1701 980 1732 fraudes
1004 1711 1142 1743 passura
1165 1702 1312 1743 luporum

504 1756 537 1785 et
561 1764 677 1785 raucos
701 1754 809 1784 timuit
833 1753 1016 1784 discurrens
1041 1753 1170 1785 damma
1194 1754 1361 1785 molossos.

435 1812 473 1832 28⁰
505 1809 632 1848 spumat
655 1816 743 1847 aper⁷
767 1808 889 1837 mortes
913 1805 1024 1836 lunato
1048 1805 1144 1836 dente
1168 1805 1308 1836 minatur

351 1857 399 1884 165
503 1861 535 1889 et
557 1857 642 1889 latus
667 1857 837 1899 obliquans
861 1857 1037 1888 meditatur
1061 1857 1183 1898 proelia
1206 1860 1314 1888 torvus

503 1920 540 1941 ac
563 1909 697 1940 maxilla
720 1909 813 1940 ferox
837 1908 934 1939 duros
959 1908 1104 1940 desaevit
1126 1909 1157 1939 in
1181 1919 1286 1940 armos

503 1961 660 1992 audacter
683 1964 810 1992 certans
835 1960 1019 2002 spumantia
1042 1960 1128 1991 bella
1151 1971 1293 1992 movere.

504 2013 647 2055 gignitur
671 2023 764 2044 omnc
789 2023 891 2053 genus
915 2011 1088 2054 pecudum,
1112 2022 1215 2053 genus
1241 2023 1334 2045 omne
1358 2013 1496 2046 serarum

195 2136 244 2163 134
261 2146 360 2171 pennae
378 2137 488 2162 reddunt
506 2136 563 2162 edd.
670 2134 718 2159 135
738 2143 842 2159 currens
862 2142 907 2159 om,
929 2134 953 2158 P
971 2134 997 2158 ιή
1019 2134 1100 2166 spatio
1124 2143 1204 2159 vacuo
1311 2134 1360 2160 136
1378 2136 1484 2161 rudibus
1503 2140 1579 2162 tenue
1599 2137 1673 2168 LQZ

90 2184 179 2206 tenues
198 2181 223 2205 P
320 2180 368 2206 137
386 2181 448 2205 orba
466 2180 502 2211 F,
526 2179 630 2204 herbam
649 2178 673 2202 P
741 2178 826 2203 herbis
851 2178 883 2208 he
902 2178 982 2202 uomit
1001 2178 1059 2207 (om.
1073 2178 1176 2202 Euomit
1193 2178 1220 2201 iu
1238 2186 1259 2202 υ.
1275 2176 1334 2210 138)
1354 2179 1387 2202 M
1483 2179 1532 2204 138
1551 2189 1636 2205 omnes
1656 2180 1703 2210 LO

90 2223 139 2249 141
158 2224 243 2254 Quum
262 2233 309 2249 om.
327 2224 378 2249 FP
444 2221 565 2248 uacufida
583 2222 615 2253 L,
638 2230 767 2246 uacauum
786 2221 819 2245 da
839 2220 873 2251 Q,
897 2221 1032 2245 uacuanda
1051 2221 1075 2244 Z
1090 2221 1146 2246 edd.
1223 2222 1353 2246 commotis
1372 2222 1442 2253 edd,
1462 2231 1512 2247 non
1536 2222 1667 2254 1notib(us)
1692 2223 1737 2253 LO

90 2271 112 2291 et
130 2266 172 2290 M¹
190 2271 217 2291 ut
239 2267 344 2298 videtur,
363 2276 415 2291 non
433 2267 526 2291 montis
545 2266 569 2289 Z
642 2264 692 2289 143
711 2265 799 2289 innixa
818 2272 884 2288 corr.
904 2264 931 2288 in
950 2264 1028 2288 infixa
1047 2263 1079 2287 M
1147 2263 1196 2288 145
1214 2265 1332 2296 Pignoris
1351 2264 1403 2296 (M)
1474 2264 1523 2290 146
1542 2270 1604 2290 tuuc
1622 2266 1735 2290 membra

91 2309 116 2333 Z
130 2310 187 2335 edd.
257 2310 409 2341 animatmr)
428 2310 476 2340 LQ
546 2309 639 2334 anhela
652 2328 658 2333 .
673 2327 678 2333 .
698 2308 790 2339 (erasis
812 2307 850 2339 nt)
875 2306 906 2338 F,
931 2308 1005 2332 anela
1024 2307 1048 2332 P
1134 2306 1184 2331 148
1208 2308 1324 2332 trudibus
1344 2308 1392 2338 LQ
1481 2308 1528 2333 149
1547 2313 1654 2340 quoacta
1674 2308 1734 2338 ΜΓ,

92 2360 138 2376 om.
152 2352 177 2376 P
245 2352 295 2378 150
313 2357 338 2378 et
351 2354 433 2378 ductis
446 2352 496 2377 FP
563 2352 632 2376 unda
649 2352 691 2376 uel
705 2352 779 2375 nimis
793 2350 825 2381 F,
844 2359 890 2375 om.
905 2351 929 2374 P
998 2349 1045 2375 151
1060 2350 1132 2374 Vnde
1146 2350 1171 2374 Γ
1237 2351 1379 2383 produc(et)
1393 2351 1441 2381 LQ
1512 2351 1560 2376 153
1579 2353 1675 2376 Adfluit
1690 2352 1736 2382 LQ

125 2396 208 2420 inacte
223 2395 245 2426 Q
316 2395 364 2421 154
382 2396 548 2428 pascendaret
564 2395 584 2425 (2
655 2393 704 2419 156
723 2397 796 2426 paret
814 2394 897 2425 gignit
910 2393 964 2423 LQ,
985 2394 1051 2425 parit
1068 2394 1203 2425 giguitquc
1217 2394 1307 2419 Zedd.
1379 2394 1428 2418 158
1446 2395 1554 2419 baccula
1574 2395 1610 2425 ΙΙΙ,
1629 2395 1735 2419 uaccula

90 2437 145 2467 LQ,
164 2438 276 2463 buccula
294 2438 325 2470 P,
343 2439 439 2464 bucula
457 2438 514 2470 (F),
532 2438 640 2463 uincula
659 2437 683 2461 Z
697 2437 755 2461 edd.
825 2440 916 2461 taurus
935 2435 1004 2466 (LO)
1096 2435 1144 2460 159
1163 2437 1273 2468 palmitis
1295 2437 1315 2466 Q
1403 2436 1453 2461 160
1472 2438 1544 2461 bellis
1560 2446 1625 2469 pars*
1643 2438 1700 2462 edd.

90 2479 140 2505 162
158 2481 246 2506 fraude
265 2481 314 2512 LQ
401 2480 450 2506 165
469 2481 561 2514 preliat
579 2481 657 2506 orbus
676 2480 724 2510 LQ
812 2478 861 2504 166
880 2480 956 2504 duros
975 2479 1091 2504 destituit
1109 2479 1140 2503 M
1227 2479 1276 2504 168
1296 2480 1418 2512 pecodum
1438 2480 1510 2511 FLQ

193 2608 243 2635 158
264 2608 401 2641 Theoclulf.
414 2617 493 2635 carm.
510 2612 550 2641 523,
563 2611 608 2635 213
627 2616 681 2641 quo
701 2607 805 2634 vitulus
824 2608 941 2634 matrem
960 2606 1097 2639 sequitur,
1117 2616 1171 2640 quo
1190 2606 1292 2633 bucula
1310 2608 1420 2633 taurum
1509 2607 1557 2633 163
1574 2607 1731 2640 fflossarium

91 2661 146 2688 cod.
163 2661 299 2694 Phillipici
324 2665 397 2688 4626
419 2661 515 2694 (Ellis,
533 2660 648 2693 jem-naz
665 2660 698 2692 of
708 2660 776 2694 phil.
792 2659 873 2686 VIII
888 2664 957 2692 1879,
972 2660 1028 2692 123)
1052 2659 1162 2686 molossi
1187 2661 1252 2685 sunt
1276 2659 1371 2685 rustici
1398 2667 1486 2684 canes.
1523 2658 1594 2684 unde
1619 2658 1732 2691 quidam

90 2714 174 2747 poeta
192 2712 244 2739 ait:
264 2714 292 2739 et
314 2722 411 2740 raucos
430 2712 524 2739 timuit
547 2712 700 2739 discernere
720 2711 830 2737 damma
847 2711 985 2737 molossos.
1019 2713 1130 2744 propter
1148 2719 1243 2737 raucos
1259 2711 1349 2743 polias
1368 2718 1400 2735 en:
1420 2710 1489 2742 Ειιῃ,
1504 2718 1582 2742 quum
1601 2717 1632 2734 em
1651 2709 1732 2735 Druc.

90 2766 224 2797 sumptum
239 2767 307 2798 puto
