2106 3061
710 167 744 193 Il.
781 168 892 195 INDEX
912 169 1123 197 VERBORVM.
1674 179 1735 208 313

131 258 152 277 c.
164 250 227 282 infi:
245 250 341 276 V1121
360 250 432 276 Mars
452 250 492 276 est
505 258 633 277 accensus
646 260 745 278 amare.

97 286 236 318 acceptu
244 284 265 317 s]
284 293 306 310 v.
325 284 456 317 accipere.

96 319 266 351 accessus]
288 318 317 344 X
336 322 381 344 174
400 327 509 345 accessu
529 319 605 352 pueri
629 319 739 346 Amoris.

96 353 225 386 accido]
244 352 316 386 Euy.
335 361 355 378 c.
372 357 407 385 14,
427 356 459 379 89
477 353 578 379 accidit
597 354 668 379 lasso
687 354 779 387 gravis
799 355 889 387 aegri-

129 388 204 414 tudo.
240 390 270 413 35
289 388 328 413 tit.
347 387 381 413 de
399 388 490 420 iurgio
509 387 582 420 quod
602 388 712 414 accidit.

96 421 222 454 accieo]
253 421 319 447 Mer.
339 424 409 454 poet.
433 425 465 448 43
494 422 551 447 Pax
578 422 660 447 armis
688 422 777 448 accita
804 423 888 448 venit.

130 456 214 482 Drac.
230 455 259 480 X
278 458 323 481 138
341 456 442 481 invitos
461 456 550 482 accire
569 455 641 482 deos.
683 456 727 482 Or.
741 460 787 482 257
804 465 889 482 arma-

130 493 188 515 tum
202 489 317 516 *accivit
330 489 466 523 Egistum.
495 493 546 516 382
559 489 670 524 inperat
683 491 765 516 acciri
784 492 800 523 (.
814 511 819 517 .
833 491 889 517 citu

128 524 165 557 B)
185 524 309 557 populos.

95 558 251 591 accingo]
276 558 320 584 Or.
338 561 388 584 816
406 558 546 584 accinctus
566 559 672 592 capulo.

95 592 243 625 accipio]
271 592 338 618 Mer.
354 595 421 625 poet.
442 596 472 618 13
497 595 623 626 acceptas
648 593 740 618 nostro
759 592 808 618 sub
828 601 890 618 con-

129 626 186 652 sule
204 627 287 660 leges.
323 626 405 652 Drac.
425 630 447 659 2,
467 630 516 652 342
539 629 653 660 accepta
672 627 715 652 dei
735 629 890 660 praecepta.

127 664 150 692 3,
165 664 211 687 613
231 661 324 694 accipe
404 660 478 686 satis.
506 664 554 686 sat.
568 665 616 687 144
629 670 677 687 ceu
691 662 758 686 satis
772 661 891 694 accipiat

128 695 216 728 (quasi
233 695 283 720 sibi
305 695 369 721 satis
391 695 459 728 fiat).
501 698 550 721 :249
575 695 717 729 accipiunt
740 697 891 728 augmenta

128 730 194 756 dies.
225 729 258 754 11
273 732 303 755 74
316 730 400 754 Amor
412 728 516 762 accipit
536 731 564 755 et
582 730 706 755 flammas
725 730 740 755 1ἶ.
753 732 891 762 praeterea

126 763 206 797 capit,
231 763 293 789 item
323 763 353 789 X
366 766 414 789 365
427 763 570 797 accipiunt
583 765 661 790 natos
671 767 782 797 praeter
791 764 889 796 pellem.

134 798 157 823 V
173 800 218 823 321
242 797 336 831 accipe
360 799 422 823 tura
507 798 573 824 deus
669 798 731 824 aris.
782 798 841 823 VII
860 802 891 824 85

128 832 249 865 accipiat
266 834 329 865 post
348 840 426 857 crura
438 834 513 857 rotas
526 840 608 865 eqmts
626 833 656 857 in
674 833 748 858 circo.
785 832 855 865 Εἰιῃ.
870 840 890 858 c.

127 870 167 899 20,
185 869 215 892 31
239 867 333 899 accipe
351 866 368 891 i.
394 865 468 891 audi.
487 867 544 892 keoe.
560 867 648 899 praef.
668 874 739 899 pros.
760 870 791 892 14
815 867 891 892 obla-

127 903 185 927 tum
218 921 222 926 .
242 920 248 925 .
274 921 279 927 .
311 900 416 926 efficere
448 900 579 934 dignetur
609 902 759 934 acceptum.
807 900 890 926 Drae.

127 935 158 995 {s
173 938 203 961 56
222 936 263 960 est
281 934 362 960 nimis
381 937 509 968 acceptus
528 955 534 961 .
548 955 554 961 .
568 956 574 961 .
599 935 666 960 mihi
686 955 692 962 .
706 955 712 961 .
726 955 732 960 .
751 936 831 960 Iason
855 936 892 960 ait

145 977 206 995 uno.

93 1003 284 1036 accipiter]
303 1003 376 1029 VIII
390 1006 438 1029 458
450 1003 583 1037 accipiter
596 1024 602 1030 .
618 1023 641 1029 ..
655 1003 747 1036 gravis
767 1024 773 1029 .
787 1023 792 1029 .
807 1023 812 1029 .
826 1003 891 1029 ales.

132 1037 207 1064 VIII
229 1041 279 1063 469
305 1038 422 1063 Martius
449 1038 582 1071 accipiter
608 1038 700 1064 dotem
729 1038 787 1063 fera
819 1038 892 1063 bella

126 1072 256 1098 minatur.

93 1105 384 1139 accommodatus]
407 1106 475 1132 Mer.
490 1114 565 1140 pros.
584 1110 598 1132 1
618 1106 643 1131 Β
660 1110 676 1131 6
694 1105 889 1140 (1111310911111)

127 1140 359 1167 accommodatior
378 1141 460 1167 locus.

93 1175 240 1208 accurro]
259 1177 282 1206 3,
296 1178 343 1201 516
362 1174 397 1200 ad
410 1175 535 1201 flammas
549 1174 694 1200 adcurrere
708 1175 805 1200 funera
820 1174 890 1200 viva.

93 1209 229 1242 accuso]
242 1212 265 1240 3,
275 1212 322 1236 658
334 1210 487 1235 accusando
501 1209 514 1235 ?
531 1209 576 1235 Or.
588 1212 642 1236 888
654 1210 767 1235 accusat
779 1209 890 1242 gemino

126 1245 159 1270 de
178 1243 292 1270 crimine
311 1243 442 1270 Orestem.

93 1279 179 1312 acer]
207 1282 230 1309 3,
249 1281 296 1304 622
324 1278 413 1304 acrius
441 1278 483 1304 uri
509 1277 567 1310 (Or.
595 1287 645 1304 am.
671 1281 693 1309 2,
713 1282 753 1310 19,
772 1280 806 1309 3).
841 1279 889 1302 sac.

127 1315 175 1339 139
193 1313 282 1339 acrius
301 1312 396 1339 iratus.
427 1316 476 1338 140
494 1313 583 1338 acrius
597 1333 602 1338 .
616 1333 621 1338 .
637 1332 641 1338 .
656 1312 731 1338 furit.
758 1315 804 1338 256
822 1311 891 1337 acris

126 1347 193 1373 avis.
234 1346 279 1373 Or.
297 1350 347 1373 434
365 1347 479 1372 Veneris
498 1347 573 1373 furor
592 1355 661 1372 acer.

93 1381 251 1414 acerbus]
270 1383 292 1412 3,
311 1384 360 1407 394
378 1381 459 1407 funus
479 1381 614 1407 acerbum.
648 1381 777 1406 V111164
790 1380 891 1414 pignus

126 1416 254 1442 acerbum
273 1415 362 1442 Paris.
394 1415 438 1442 Or.
452 1418 499 1442 831
513 1415 626 1449 pietatis
642 1415 740 1441 vulnus
753 1415 890 1441 acerbum.

162 1450 221 1476 adv.
240 1453 263 1483 3,
285 1454 337 1476 557
354 1452 562 1476 contemnamus
582 1450 685 1476 acerbe.

92 1484 248 1518 acervus]
268 1484 341 1517 Euq.
361 1492 382 1510 c.
401 1488 439 1516 21,
459 1487 488 1511 13
506 1485 566 1510 auri
586 1484 724 1517 congessit
743 1492 862 1510 acervos.

92 1519 196 1552 acies]
215 1522 238 1550 2,
257 1521 304 1545 663
320 1519 488 1552 reducesque
507 1527 603 1545 sereno
617 1519 721 1544 lumine
741 1520 806 1544 sunt
818 1518 891 1544 acies

126 1555 190 1588 post
208 1553 305 1579 nubila
319 1561 409 1579 crassa
422 1554 565 1580 micantes.
605 1553 629 1579 V
642 1556 693 1579 '244
711 1561 790 1579 nemo
804 1552 890 1578 aciem

128 1588 234 1614 subeat.
286 1596 308 1613 v.
328 1588 454 1614 ferratus.

93 1623 227 1655 acorus]
253 1621 326 1656 Euq.
345 1630 367 1648 c.
386 1626 439 1654 101,
459 1626 488 1648 15
513 1630 628 1654 corpora
646 1621 728 1647 sudor
747 1621 890 1647 madidans

126 1665 206 1683 acora
224 1656 342 1682 foetidat
360 1656 442 1683 unda.
479 1656 512 1682 ab
530 1664 594 1682 acor
612 1658 742 1682 novatum.

92 1691 203 1725 acqu-]
221 1699 244 1717 v.
263 1690 358 1723 adqu-.

92 1726 202 1759 actio]
222 1725 295 1759 Eny.
314 1733 336 1751 c.
354 1729 375 1756 1,
389 1728 425 1751 16.

92 1761 206 1792 actus,
243 1759 310 1792 -1“13]
346 1760 417 1786 Mer.
444 1767 517 1792 pros.
545 1763 558 1785 1
580 1759 605 1784 A
630 1763 660 1784 14
691 1758 800 1784 actibus
834 1758 889 1784 tuis

125 1795 150 1827 (1
160 1795 187 1820 B
200 1798 236 1820 15.
255 1798 270 1820 2
282 1795 308 1820 Α
321 1798 352 1820 17
369 1798 384 1819 2
396 1794 423 1820 Β
436 1794 470 1827 2).
506 1793 588 1819 Drac.
602 1797 625 1825 2,
640 1796 689 1818 274
708 1794 773 1819 actu
791 1793 889 1826 plecti-

124 1829 183 1855 bili.
219 1832 242 1860 2,
255 1831 307 1855 309
334 1836 420 1861 pravo
438 1828 547 1854 velatus
573 1828 602 1853 in
629 1829 692 1853 actu
718 1828 774 1859 fur.
810 1827 859 1852 IX
878 1831 891 1852 7

125 1863 253 1897 ingentes
272 1863 400 1889 attollere
425 1862 528 1896 gestiet
549 1864 635 1888 actus.
677 1861 721 1888 Or.
743 1865 774 1887 70
797 1861 889 1887 vivam

126 1899 154 1924 te
176 1897 300 1923 membra
324 1897 424 1923 docent
450 1898 583 1930 actusque
607 1897 738 1922 fatentur.
778 1895 850 1928 Euy.
869 1904 889 1922 c.

123 1936 146 1965 5,
160 1936 190 1958 19
207 1932 313 1965 corrige
331 1952 337 1958 .
348 1951 370 1958 ..
390 1933 468 1958 actus
487 1931 554 1964 (-um
569 1930 601 1963 ἓ).
637 1934 661 1961 8,
674 1933 705 1956 23
724 1930 889 1963 apostolicos

142 1987 164 1993 ..
183 1968 261 1992 actus
279 1966 408 1999 (librum).
444 1969 485 1997 28,
499 1969 514 1991 2
538 1965 652 1991 dextrae
676 1964 792 1998 belliger
817 1966 889 1990 actu.

93 2001 250 2034 acumen]
271 2001 308 2026 II
323 2004 352 2026 76
370 2001 408 2026 sic
427 2000 513 2026 currit
530 1999 630 2026 mentis
650 2007 773 2025 acumen.
801 1999 849 2024 IV
858 2003 891 2024 47

126 2036 264 2061 mucronis
282 2043 406 2061 acumen.
442 2035 512 2067 Euy.
530 2042 551 2061 0.
570 2042 631 2067 app.
650 2038 672 2067 5,
686 2038 701 2059 4
727 2042 820 2059 sensus
840 2053 846 2059 .
861 2053 866 2059 .
884 2053 890 2059 .

125 2077 240 2096 acumen
258 2069 335 2103 (Cato
354 2069 409 2095 lum.
428 2070 476 2100 11).

93 2104 188 2137 acuo]
217 2109 238 2137 1,
255 2107 301 2130 256
328 2103 436 2137 spicans
463 2103 538 2129 acuit
565 2111 642 2135 seges
668 2102 756 2128 omnis
783 2101 889 2128 aristas.

126 2141 149 2170 2,
165 2141 214 2164 234
231 2138 326 2164 messis
345 2138 474 2164 aristatas
492 2137 568 2163 acuit
586 2146 634 2170 per
653 2137 775 2162 culmina
787 2136 888 2170 fruges.

93 2172 148 2206 ad]
174 2173 242 2199 Mer.
257 2180 329 2206 pros.
349 2177 363 2198 1
375 2173 402 2198 A
417 2176 432 2199 9
454 2172 568 2198 veniant
587 2192 593 2198 .
607 2191 632 2198 ..
652 2171 772 2206 aeduos).
808 2174 823 2196 2
836 2172 862 2196 A
875 2174 890 2197 3

126 2207 161 2233 ad.
188 2207 299 2233 honoris
323 2207 438 2232 maximi
464 2214 564 2232 nomen
646 2206 746 2232 evexit.
794 2206 890 2231 2A19

127 2241 162 2267 ad
180 2243 208 2267 te
226 2241 347 2275 respicis.
375 2244 445 2275 poet.
459 2244 505 2267 126
522 2240 644 2274 respexit
663 2241 699 2266 ad
712 2241 813 2266 hastas.
844 2243 891 2265 187

127 2277 237 2301 vertant
256 2276 291 2301 ad
310 2275 421 2301 foedera
440 2277 545 2301 cantus.
581 2274 664 2300 Drac.
678 2277 727 2301 sat.
747 2277 796 2300 152
814 2274 890 2299 canit

127 2310 162 2335 ad
190 2310 315 2344 populos.
362 2309 407 2336 Or.
431 2313 482 2336 586
509 2309 580 2335 imus
607 2309 642 2335 ad
671 2308 814 2342 Argolicas

127 2344 265 2377 Mycenas.
298 2344 431 2370 VIII46O
450 2352 530 2377 quem
551 2344 606 2369 fors
625 2344 660 2369 ad
674 2344 794 2377 Cyprum
808 2342 889 2368 dede-

127 2380 170 2405 rat
201 2379 268 2411 (505.
294 2380 360 2411 573).
409 2378 485 2404 VIII
510 2381 557 2404 639
584 2378 618 2403 ad
644 2378 736 2404 aulam
760 2377 888 2403 intratur.

129 2413 159 2438 X
177 2415 224 2439 366
241 2415 354 2439 ventum
374 2414 433 2439 erat
455 2413 490 2438 ad
514 2412 630 2438 Thebas.
668 2412 698 2438 X
716 2415 766 2438 496
785 2420 889 2445 ponens

127 2447 162 2472 ad
190 2447 272 2473 busta
296 2455 431 2474 coronam.
478 2446 522 2473 Or.
536 2450 569 2473 80
593 2446 708 2473 victima
734 2446 828 2472 trador
855 2445 890 2471 ad

127 2489 195 2508 aras.
272 2482 339 2508 Mer.
363 2490 435 2514 pivs.
466 2484 482 2507 2
501 2482 527 2507 Β
550 2485 580 2507 16
605 2481 641 2507 ad
668 2482 791 2507 montem
821 2480 888 2506 vicit.

126 2515 210 2543 Drac.
232 2521 253 2549 1,
275 2519 320 2542 261
347 2516 382 2542 ad
407 2524 496 2542 ramos
590 2515 694 2542 haeret.
736 2519 759 2548 2,
782 2519 828 2541 571
855 2514 890 2540 ad

128 2550 199 2576 colla
217 2550 352 2584 pependit
375 2550 470 2576 Iudas.
507 2550 556 2575 IX
572 2553 608 2576 80
630 2550 665 2575 ad
690 2550 785 2575 Persas
803 2549 890 2575 honor

128 2585 176 2617 est,
196 2585 226 2611 si.
267 2584 311 2611 Or.
324 2588 373 2610 604
391 2585 425 2610 ad
444 2585 590 2610 tumulum.
631 2588 676 2611 702
694 2584 728 2610 ad
748 2583 890 2617 Argolicos

127 2620 237 2645 moveat
255 2619 303 2652 qui
322 2619 404 2645 bella.
465 2619 534 2645 Mer.
543 2626 615 2651 pros:
629 2622 643 2643 1
655 2618 682 2644 Β
697 2621 713 2644 8
731 2618 766 2644 ad
787 2618 889 2643 bellum

128 2653 244 2686 proficit.
275 2656 343 2686 poet.
357 2656 404 2679 125
423 2654 532 2679 teneros
556 2652 591 2678 ad
617 2653 721 2686 proelia
744 2652 822 2678 ludos
841 2652 890 2677 im-

129 2687 196 2713 buit.
233 2692 279 2714 145
297 2687 331 2713 ad
350 2687 424 2713 bella
441 2687 545 2713 rudem.
586 2687 669 2713 Drac.
689 2691 710 2718 1,
724 2690 772 2713 297
787 2687 891 2712 tollunt

127 2721 162 2747 ad
184 2722 299 2748 vulnera
324 2722 396 2748 colla
421 2722 551 2747 cerastae.
598 2725 624 2752 1,
641 2725 687 2747 745
706 2721 837 2747 sermonis
855 2721 890 2746 ad

128 2756 258 2816 aestum?
279 2764 339 2790 spes
358 2755 501 2782 hominum
514 2755 661 2781 intendens
680 2755 725 2788 (?).
759 2755 836 2781 VIII
845 2759 893 2780 417

129 2791 230 2824 premit
259 2799 291 2816 ac
309 2792 403 2824 pastor
422 2791 456 2816 ad
476 2790 577 2816 orbem.
614 2790 663 2815 IX
673 2794 702 2816 51
717 2790 807 2816 luctus
827 2798 890 2815 con-

194 2843 354 2869 Semproniis
373 2845 563 2872 Ais‘momssim
581 2844 650 2869 XIV.
665 2842 686 2867 l.

977 256 1052 280 verte
1155 256 1189 281 ad
1217 257 1327 289 gaudia.
1376 258 1419 284 Or.
1442 263 1493 284 489
1521 260 1611 285 roam-i
1635 261 1669 286 ad

977 290 1061 314 nefas.
1089 289 1170 327 Ἐιῳ.
1189 298 1208 316 0.
1233 295 1265 322 17,
1283 296 1298 316 0
1325 292 1419 317 tardus
1446 294 1480 318 ad
1499 282 1636 326 sani-itum,
1665 296 1737 320 00101·

976 323 1010 347 ad
1030 323 1190 355 malignum.
1264 325 1307 351 Or.
1328 329 1378 351 680
1403 327 1550 353 adventum
1571 329 1604 353 ad
1625 329 1735 355 domini.

977 357 1048 389 Ειιῃ.
1076 357 1133 383 heae.
1162 360 1247 396 praes}
1267 363 1335 390 poet.
1362 363 1377 384 2
1415 361 1492 386 cuius
1520 362 1554 386 ad
1582 363 1735 395 imperium.

977 394 1048 421 0.,36,
1063 395 1095 415 10
1118 391 1152 416 ad
1172 392 1309 418 modicum
1329 395 1458 426 temporis.
1522 399 1572 422 sat.
1591 400 1637 421 236
1656 398 1736 422 limae

977 425 1011 450 ad
1041 426 1160 450 aetatem
1192 427 1311 458 plurima
1347 428 1408 461 lege
1439 431 1544 455 notaui.
1597 431 1617 455 V
1646 435 1671 456 71
1702 432 1736 456 ad

977 458 1091 484 crimina
1105 460 1227 497 conscius
1241 462 1308 486 esto.
1361 465 1408 488 sat.
1422 467 1466 488 151
1481 464 1611 497 principis
1626 466 1735 498 augusti

976 501 1085 525 reymcm
1104 494 1193 518 Simile
1213 496 1254 520 est
1272 496 1305 520 ad
1328 504 1412 528 regna
1431 498 1563 529 polorum.

943 527 1124 565 adamatus]
1155 528 1184 552 X
1201 531 1251 553 482
1280 530 1385 555 Allecto
1489 540 1563 556 ceras
1590 532 1736 558 adamante

977 563 1094 587 notawt.
1122 561 1192 594 Eny.
1203 570 1223 588 0.
1237 566 1278 594 60,
1292 567 1307 588 2
1320 563 1458 591 adamans.
1487 569 1520 590 62
1533 566 1566 590 (10
1581 566 1736 592 adamante.

977 599 1015 625 62,
1031 600 1042 620 1
1061 596 1212 628 praedurus
1231 597 1369 623 adamans.

943 629 1187 667 adaiffmnteiis]
1210 630 1253 656 Or.
1273 635 1320 657 833
1338 633 1516 658 adamante-as
1536 653 1541 659 .
1556 654 1561 659 .
1575 653 1580 659 .
1601 636 1701 666 portas.

943 663 982 688 ad
993 663 1084 697 dico]
1106 668 1125 694 1,
1140 669 1186 689 413
1205 665 1344 691 addictum
1358 669 1448 692 vesti-0
1462 667 1511 692 sub
1531 668 1590 692 iure
1605 669 1736 694 manebit.

978 701 998 727 1,
1012 701 1062 723 430
1080 698 1190 724 addicet
1209 699 1340 732 (proicere
1360 700 1444 734 Eny.)
1465 709 1514 727 nec
1534 702 1638 734 plasma
1658 711 1735 727 suum

976 731 1039 757 dctis
1056 732 1073 757 ¹1⁴.
1093 732 1223 758 abdicabat
1240 734 1386 765 alnueyabic.

944 766 1048 799 addo]
1078 767 1144 792 Mer.
1170 770 1235 799 poet.
1258 772 1273 793 5
1300 768 1409 793 addidit
1436 769 1543 794 hiberni
1572 770 1737 795 fatinulantia

978 800 1087 825 foedera
1107 801 1217 826 Rhenus
1240 802 1320 827 orbis.
1357 803 1439 828 Drac.
1457 808 1476 834 1,
1488 808 1537 829 220
1561 804 1650 828 stellas
1669 805 1735 829 caeli

977 834 1137 872 regionibus
1165 835 1243 861 addit
1270 837 1370 869 (perf).
1416 841 1436 866 1,
1460 840 1509 863 234
1540 838 1618 863 addit
1645 839 1737 870 (perf..-

978 869 1049 893 V1dit
1068 869 1105 901 B)
1130 869 1228 901 quinta
1251 870 1307 895 dies
1332 871 1464 896 animalia
1483 873 1581 896 cuncta
1600 873 1737 904 profundi.

980 906 1002 933 2,
1017 906 1059 928 113
1088 903 1158 929 addo
1184 904 1255 936 quod
1283 905 1316 936 (2,
1331 908 1385 931 232.
1408 909 1430 934 3,
1446 908 1502 932 309.
1531 910 1592 933 624.»
1619 906 1641 931 V
1665 911 1697 931 45
1715 909 1737 931 et

978 940 1025 962 187
1042 937 1111 962 adde
1136 938 1230 970 quod).
1270 941 1292 968 2,
1305 941 1351 964 371
1375 941 1406 964 ut
1429 940 1516 965 scelus
1535 940 1672 965 assiduum
1694 941 1735 965 vel

978 979 1060 996 saeva
1083 972 1193 1004 piacula
1222 973 1339 997 mundus
1368 973 1481 999 adderet
1508 974 1633 999 veteribus
1660 982 1735 1000 wora.

978 1008 1001 1037 2,
1015 1009 1063 1030 596
1076 1006 1114 1030 1111
1129 1006 1230 1031 addens
1246 1007 1425 1040 minuensque
1439 1008 1489 1033 tibi
1507 1009 1566 1039 (sat.
1581 1012 1595 1033 9
1608 1008 1645 1033 nil
1660 1009 1739 1034 addit

978 1039 1120 1072 demitque
1138 1040 1190 1065 tibi
1209 1041 1266 1066 tam
1280 1041 1364 1074 longa
1376 1043 1519 1075 vetustas).
1556 1046 1578 1071 2,
1596 1046 1643 1068 768
1661 1051 1738 1067 num-

978 1074 1045 1106 quid
1064 1074 1097 1099 ad
1118 1082 1250 1100 annorum
1275 1084 1417 1101 numerum
1496 1076 1613 1102 addidit.
1657 1080 1679 1109 2,
1695 1081 1737 1102 781

978 1108 1052 1140 quod
1079 1108 1173 1134 divitis
1196 1109 1290 1135 usibus
1314 1110 1400 1136 addit.
1435 1113 1458 1140 3,
1476 1114 1523 1136 686
1546 1110 1675 1136 dentibus
1693 1111 1738 1136 ad-

978 1142 1081 1168 duntur
1160 1143 1247 1169 labra.
1281 1147 1303 1173 3,
1322 1148 1363 1170 755
1381 1144 1493 1170 additus
1511 1145 1613 1170 insonti
1627 1145 1737 1178 populo.

984 1176 1062 1201 VIII
1078 1180 1123 1202 215
1141 1177 1241 1203 addere
1260 1178 1360 1203 famam
1376 1178 1508 1204 maiorum
1523 1179 1620 1204 titulis.
1651 1179 1695 1205 Or.
1708 1182 1739 1205 33

978 1210 1057 1236 donis
1076 1211 1197 1237 addebat
1216 1212 1338 1238 Athenas
1357 1213 1483 1238 omnibus
1503 1216 1530 1238 et
1543 1213 1647 1246 superis
1667 1213 1737 1238 dome

978 1245 1148 1271 aclseraaemlo
1160 1246 1190 1271 ἰἶη
1203 1247 1329 1273 laterculo
1342 1248 1355 1278 (
1354 1247 1432 1272 aliter
1441 1248 1628 1280 'interpretatm
1640 1247 1737 1277 Haase,

978 1279 1079 1305 miscell.
1094 1280 1244 1312 1111136).
1280 1284 1331 1307 288
1350 1281 1449 1307 studiis
1469 1282 1640 1314 sapientibus
1659 1282 1738 1307 addit

979 1314 1055 1346 (perf.
1055 1316 1068 1347 )
1090 1314 1202 1340 Electra
1217 1315 1337 1341 Orestem.
1374 1319 1424 1341 496
1437 1316 1615 1342 Acheronteis
1629 1316 1739 1341 tortori-

979 1348 1028 1373 bus
1047 1348 1142 1374 addite
1163 1349 1286 1375 flammas
1304 1357 1395 1376 novas.

944 1382 1010 1407 add
1021 1391 1059 1408 uc
1069 1383 1097 1415 o]
1119 1382 1162 1409 Or.
1177 1387 1227 1409 287
1238 1392 1384 1417 secumque
1403 1384 1519 1409 adduxit
1534 1384 1649 1410 Athenis
1663 1385 1738 1410 Elec-

978 1419 1020 1441 tra
1041 1417 1159 1443 Orestem.

944 1451 1141 1484 ademptus,
1165 1455 1218 1477 -fis
1232 1451 1254 1485 ἲ]
1282 1452 1313 1477 X
1331 1455 1376 1478 133
1398 1461 1449 1478 nec
1474 1452 1559 1478 sentit
1578 1452 1737 1486 ademptum

979 1494 1102 1511 successu
1122 1486 1253 1512 redeunte
1273 1495 1351 1512 novo.

944 1519 1048 1553 adeo]
1077 1525 1096 1551 1,
1110 1524 1155 1546 471
1181 1520 1328 1546 insidiosus
1355 1521 1415 1546 adit
1516 1521 1598 1546 corda
1623 1529 1738 1554 serpens.

979 1558 1001 1586 2,
1014 1557 1061 1580 537
1072 1554 1169 1580 limina
1182 1555 1278 1580 mortis
1292 1555 1351 1580 adit
1367 1555 1494 1581 Christus.
1521 1558 1544 1587 3,
1561 1559 1604 1581 744
1620 1556 1738 1581 lacrimis

978 1589 1160 1622 precibusque
1187 1589 1240 1622 piis
1258 1591 1422 1615 veneranter
1440 1590 1515 1615 adire
1537 1589 1619 1616 deum.
1653 1590 1736 1615 VII4

980 1631 1052 1648 eram
1131 1623 1235 1649 adirem
1254 1623 1311 1655 (ab-
1329 1623 1404 1656 cod).

944 1657 1030 1690 adf—]
1054 1665 1076 1683 v.
1097 1657 1141 1683 aff.

944 1692 1133 1725 adhaereo]
1164 1695 1186 1722 2,
1208 1694 1260 1718 408
1288 1691 1326 1717 sic
1353 1691 1488 1717 adherent
1519 1691 1621 1717 delicta
1651 1691 1738 1717 malis.

978 1726 1056 1752 Vz265
1074 1734 1176 1759 pronus
1189 1726 1322 1752 adhaeret
1339 1728 1444 1751 statuae
1462 1726 1582 1758 supplex.
1619 1726 1693 1751 VIII
1704 1729 1739 1751 88

979 1760 1146 1786 Cassandrae
1174 1762 1262 1786 mater
1289 1760 1420 1786 adhaeret
1447 1760 1465 1786 1'.
1484 1761 1609 1792 seqnitur.
1648 1760 1677 1785 X
1695 1764 1739 1785 162

980 1795 1130 1828 Amplexus
1149 1795 1273 1825 veniunt,
1293 1795 1468 1827 Hymenaeus
1487 1795 1626 1820 adhaeret.

944 1829 1029 1856 adhu
1039 1829 1065 1862 0]
1085 1829 1117 1854 de
1131 1831 1243 1861 tempore
1252 1829 1387 1861 praesenti
1401 1832 1422 1859 2,
1439 1832 1492 1854 778.
1510 1832 1555 1854 782
1568 1829 1612 1860 (ad
1630 1829 1679 1865 hec
1694 1828 1737 1860 R).

977 1866 999 1895 3,
1016 1867 1071 1889 704.
1096 1863 1188 1889 V252.
1221 1862 1264 1889 Or.
1279 1866 1332 1889 142.
1351 1866 1414 1894 386,’
1432 1865 1529 1895 spectat
1547 1866 1650 1895 tempus
1663 1870 1738 1895 prac-

977 1898 1082 1923 teritum
1102 1902 1121 1928 1,
1135 1901 1189 1923 337.
1208 1900 1230 1928 3,
1244 1901 1298 1923 412.
1318 1901 1374 1923 495.
1406 1897 1441 1922 ΙΙ
1457 1901 1490 1922 71.
1530 1897 1573 1922 Or.
1590 1900 1646 1923 806.

943 1931 1080 1964 adicio]
1112 1937 1133 1963 1,
1160 1935 1203 1957 734
1236 1931 1364 1957 fluctibus
1391 1931 1506 1957 adiectis
1541 1932 1663 1957 crescant

977 1974 1079 1992 amnes.
1116 1969 1138 1995 2,
1153 1969 1199 1991 739
1217 1967 1313 1991 tenues
1332 1965 1439 1991 adiecto
1459 1965 1554 1991 robore
1573 1965 1671 1991 firmas.

943 2000 1060 2034 adigo]
1080 2005 1101 2032 1,
1116 2004 1160 2025 741
1180 2000 1337 2026 consolatur
1350 2000 1462 2026 adactos
1482 1999 1601 2025 luctibus
1621 2001 1648 2025 et
1662 1999 1737 2024 (111111-

977 2035 1027 2060 1113.
1072 2038 1094 2064 2,
1120 2038 1160 2060 751
1188 2034 1295 2060 illectos
1323 2034 1416 2065 donis,
1444 2042 1498 2059 non
1527 2034 1622 2067 poenis
1648 2035 1739 2059 mutat

976 2069 1097 2095 adactos.
1132 2068 1153 2094 V
1164 2072 1208 2094 211
1221 2068 1403 2094 Hannibalem
1416 2068 1503 2101 Scipio
1521 2068 1617 2101 adegit
1630 2067 1737 2093 sorbere

995 2123 1016 2129 ..
1037 2111 1181 2129 venenum.

943 2137 1071 2170 adimo]
1101 2137 1171 2163 Mer.
1198 2137 1292 2163 Christ.
1316 2140 1347 2162 26
1370 2136 1468 2162 adimis
1494 2136 1623 2169 contagia
1651 2136 1736 2162 terris.

977 2172 1061 2198 Drac.
1080 2175 1103 2204 3,
1119 2174 1165 2197 123
1190 2171 1263 2204 quod
1293 2171 1307 2186 *
1330 2171 1516 2204 deplacandus
1541 2170 1644 2196 ademit
1668 2171 1737 2202 (opp.

977 2206 1137 2240 praestare).
1160 2209 1182 2236 3,
1193 2209 1239 2232 679
1251 2205 1355 2231 ademit
1365 2206 1483 2235 Arei-alo,
1498 2205 1580 2230 delsit
1595 2205 1627 2230 B.
1656 2208 1679 2235 3,
1690 2208 1738 2230 688

976 2240 1109 2274 quicquid
1129 2240 1216 2266 malus
1235 2240 1321 2265 hostis
1344 2240 1456 2266 ademit.
1493 2239 1528 2264 ΙΙ
1541 2242 1557 2265 3
1576 2239 1636 2272 quis
1661 2248 1738 2264 casus

977 2275 1082 2301 ademit
1101 2274 1191 2300 Alcidi
1218 2274 1370 2300 comitem?
1407 2274 1442 2299 II
1458 2276 1506 2300 134
1529 2274 1659 2299 mundum
1686 2273 1737 2298 tibi

976 2310 1069 2335 nullus
1089 2308 1199 2335 ademit.
1269 2310 1299 2340 cf.
1319 2308 1473 2341 ademptus.

943 2343 1080 2376 aditus]
1107 2348 1126 2375 1,
1145 2346 1196 2369 489
1221 2351 1250 2369 03
1273 2342 1365 2368 aditus
1389 2343 1491 2368 mortis.
1528 2345 1611 2373 3,175
1631 2341 1737 2367 aditum

995 2398 1000 2403 .
1013 2398 1018 2404 .
1038 2377 1148 2403 camini.
1186 2377 1230 2403 Or.
1247 2381 1295 2403 699
1309 2377 1429 2402 claustra.
1442 2377 1531 2409 ligant
1546 2376 1639 2401 aditus
1658 2376 1736 2400 urbis.

943 2411 1169 2444 adiutorium]
1190 2416 1210 2443 1,
1226 2415 1272 2437 361
1285 2412 1378 2437 demus
1392 2410 1530 2436 adiutoria
1545 2412 1616 2436 sacto
1629 2410 1738 2436 homini.

978 2448 1045 2479 (qen.
1066 2450 1088 2478 2,
1104 2450 1133 2472 18
1151 2446 1232 2479 siny.)

943 2481 1024 2513 adl-]
1044 2489 1066 2506 r.
1085 2481 1144 2506 all-.

943 2515 1103 2548 admiror]
1128 2517 1211 2546 2,143
1236 2514 1314 2540 milia
1340 2513 1472 2539 virtutum
1494 2514 1558 2539 sunt
1576 2512 1738 2538 admiranda

977 2550 1006 2574 in
1027 2549 1135 2575 Clio-teto.

943 2583 981 2609 ad
991 2583 1103 2616 mitto]
1123 2586 1146 2614 3,
1158 2586 1206 2609 330
1220 2582 1293 2615 quod
1311 2582 1398 2608 scelus
1411 2581 1529 2607 admisit.
1549 2583 1596 2606 sat.
1612 2584 1656 2606 162
1668 2588 1738 2613 quac

978 2618 1065 2644 scelus
1089 2617 1211 2643 ammisit
1238 2618 1299 2648 (ros,
1318 2618 1352 2649 5).
1394 2619 1416 2647 3,
1436 2620 1485 2642 340
1512 2616 1561 2641 hoc
1587 2616 1672 2641 scelus
1692 2614 1738 2639 ad-

978 2653 1087 2677 missum
1097 2654 1109 2677 ’.θ
1145 2655 1168 2683 3,
1185 2654 1235 2677 580
1259 2651 1281 2676 si
1302 2650 1434 2676 confessio
1453 2670 1459 2676 .
1474 2670 1479 2676 .
1493 2670 1498 2675 .
1518 2650 1620 2675 indicet
1639 2649 1738 2674 admis-

977 2695 1045 2712 sum.
1095 2689 1145 2711 667
1171 2685 1244 2718 quod
1273 2685 1371 2710 admisi
1399 2684 1511 2710 facinus.
1556 2686 1605 2708 snt.
1632 2687 1660 2708 16
1687 2683 1737 2707 hoc

977 2720 1036 2746 fieri
1055 2720 1217 2746 ammittunt
1236 2719 1277 2745 ira
1296 2720 1426 2751 favorque
1446 2718 1498 2744 dei.
1538 2717 1612 2743 VIII
1628 2721 1674 2742 105
1693 2717 1738 2741 ad-

979 2755 1144 2787 missumque
1164 2755 1248 2780 nefas.
1287 2753 1316 2778 X
1339 2757 1389 2779 448
1413 2752 1509 2778 Furias
1533 2751 1650 2777 admitte
1676 2753 1737 2776 tuas

977 2797 992 2815 o
1011 2789 1072 2816 Dis

1496 2838 1530 2864 40
