2106 3061
792 190 964 216 ROMVLEA
983 191 1034 217 Vn
1673 202 1729 230 155

486 275 593 306 floruit
616 274 713 316 (unus
739 279 808 307 erat
831 276 964 308 Latialis
989 279 1143 319 mysticus
1169 280 1272 315 aulae,

484 326 567 357 alter
591 326 676 367 apud
699 326 832 358 Danaos
859 332 984 359 sacrata
1008 333 1115 360 mente
1140 330 1298 371 dicatus):

400 385 447 411 115
484 388 620 419 quorum
645 379 776 419 sanguis
801 379 902 417 adest,
927 390 1005 421 quos
1031 381 1138 412 omina
1162 382 1269 413 fausta
1293 383 1465 415 iuvabunt:

484 440 525 460 ex
549 429 608 460 hac
633 430 787 471 progenie
811 431 927 462 iunctis
951 434 982 462 et
1006 435 1102 472 gente
1126 434 1227 474 togati

483 481 630 522 coniugio
655 481 711 512 tali
736 492 903 523 speremus
926 483 1057 514 numina
1080 485 1184 515 nasci!

482 543 555 563 nam
579 532 657 563 mihi
681 533 766 574 quod
791 536 902 564 teneor
930 545 993 565 non
1019 535 1093 576 (est)
1119 535 1211 566 dolor
1233 536 1315 567 alter
1338 538 1473 569 acerbus

483 594 577 625 quam
602 585 684 626 quod
708 585 794 626 apud
818 585 898 616 tales
922 586 1039 617 oblivio
1063 587 1158 628 longa
1180 591 1324 619 moratur

398 643 446 669 120
483 636 622 667 nominis
646 637 769 667 inclusi.
817 637 874 668 sed
899 638 925 668 si
949 648 999 668 me
1025 638 1165 669 claustra
1188 639 1325 680 fatigant

482 688 635 729 temporis
660 688 832 726 immodici,
856 698 915 720 1100
939 699 994 719 vos
1019 689 1149 731 impune
1174 691 1307 722 tacetis:

484 740 614 780 (poena)
641 742 690 770 est
713 750 777 770 non
801 740 902 770 levior
926 740 1017 771 vobis
1043 741 1208 782 quatiente
1232 742 1366 783 pudore,

482 790 566 831 quod
590 791 666 822 11001
690 791 844 832 exiguum
867 795 975 822 tamen
1000 792 1083 823 inter
1107 793 1175 824 iura
1199 797 1326 835 poetam

481 842 623 873 temnitis
648 842 854 874 immemores
879 843 1017 874 facunda
1041 847 1148 875 mente
1172 845 1276 885 periti.

397 901 445 927 125
483 893 557 934 quid
581 893 712 935 prodest
736 905 885 925 servasse
910 894 1070 926 hominem
1096 906 1152 937 per
1176 899 1265 927 tanta
1289 898 1409 938 pericla

482 948 514 976 et
537 945 681 976 clausum
705 945 839 987 liquisse
864 945 918 976 diu
942 946 1000 977 sub
1025 946 1116 977 clade
1142 948 1275 978 salutis?

482 1007 543 1027 non
567 997 651 1028 male
675 997 808 1038 peceavi
831 1008 891 1028 1100
915 1008 974 1029 rex
998 998 1098 1028 iratus
1124 998 1232 1040 inique
1256 1003 1315 1038 est,

481 1048 538 1079 sed
561 1048 646 1080 mala
669 1059 761 1080 mens
785 1049 933 1086 hominis,
958 1060 1040 1091 quae
1064 1049 1180 1081 detulit
1204 1061 1258 1082 ore
1284 1052 1435 1093 maligno,

482 1103 514 1132 et
536 1101 621 1131 male
646 1101 810 1142 suggessit
834 1104 909 1131 111110
934 1105 966 1132 01
990 1112 1062 1132 mea
1086 1102 1172 1132 faeta
1195 1103 1352 1143 gravavit.

396 1160 444 1186 130
480 1162 613 1194 poscere
638 1162 732 1194 quem
756 1153 884 1184 veniam
908 1153 1025 1191 decuit,
1050 1154 1134 1184 male
1160 1154 1294 1185 suscitat
1320 1155 1383 1185 iras

481 1207 513 1235 et
537 1204 700 1235 dominum
724 1215 900 1246 regemque
925 1205 1011 1246 pium
1038 1205 1161 1236 saevire
1186 1206 1300 1247 coegit.

480 1266 554 1287 nam
578 1256 658 1288 deus
682 1257 884 1298 omnipotens
911 1260 1105 1298 compunget
1129 1257 1224 1288 corda
1247 1259 1401 1299 regentis,

481 1307 608 1349 quando
632 1308 722 1339 iubet
744 1309 864 1350 pietate
889 1319 946 1339 sua
971 1309 1163 1350 veniamque
1187 1310 1324 1340 relaxat.

480 1363 512 1390 at
536 1370 607 1390 00111
631 1359 712 1391 liber
736 1370 789 1391 ero
814 1360 944 1390 domino
969 1361 1159 1401 ignoscente
1183 1360 1346 1402 reductus,

395 1418 443 1446 135
480 1411 555 1442 dum
579 1415 663 1442 tacet
687 1422 722 1442 os
746 1415 888 1443 vestrum
912 1422 971 1443 1100
996 1423 1054 1443 1105
1079 1423 1226 1443 sermone
1252 1413 1376 1453 iuvans,

480 1463 609 1494 nomina
634 1467 742 1494 vestra
766 1474 839 1494 reor
862 1464 1034 1505 praeconia
1060 1468 1148 1498 nulla
1173 1466 1359 1498 manebunt.

566 1514 623 1546 sed
648 1525 687 1546 ne
712 1518 837 1546 maesta
862 1526 979 1547 canens
1004 1517 1174 1548 concludat
1198 1529 1327 1549 carmen
1345 1519 1473 1555 amoris,

478 1569 550 1608 post
573 1566 654 1597 haee
679 1570 753 1598 vota
776 1578 892 1609 parens
916 1568 990 1609 quid
1015 1570 1055 1599 sit
1079 1569 1201 1601 factura
1226 1569 1343 1608 Dione,

478 1622 655 1650 murmuret
679 1630 715 1650 os
743 1621 885 1659 tacitum,
911 1620 1043 1652 Carales
1069 1632 1140 1652 00111
1165 1623 1309 1664 coeperit
1332 1623 1386 1653 iri:

395 1678 444 1704 140
480 1670 610 1702 Aeolias
634 1674 723 1712 petet
746 1671 801 1702 illa
824 1671 934 1703 domos
958 1672 1084 1704 aditura
1108 1677 1288 1715 tyrannum,

478 1724 514 1752 ut
537 1722 642 1753 frenet
665 1725 778 1753 ventos
802 1725 833 1753 et
857 1724 986 1754 caerula
1010 1735 1168 1755 marmora
1192 1725 1312 1763 tendat,

477 1774 603 1804 mollior
625 1785 704 1805 aura
727 1785 838 1807 means
862 1778 986 1806 tantum
1012 1776 1096 1807 bona
1120 1777 1249 1808 flamina
1275 1778 1390 1811 mittat.

479 1828 514 1856 ut
537 1826 615 1856 ratis
638 1826 806 1857 incolumis
832 1826 1005 1858 Sardorum
1031 1827 1137 1859 littora
1161 1831 1282 1869 tangat.

479 1888 539 1908 nec
563 1881 662 1919 negat
685 1878 764 1909 haec
789 1878 888 1909 Eolus
913 1879 1031 1910 Veneri
1055 1890 1112 1910 sua
1137 1880 1207 1911 iura
1232 1881 1367 1922 roganti.

393 1936 442 1962 145
479 1928 594 1970 Cypris
618 1930 650 1960 in
673 1933 788 1960 ornatu
812 1931 944 1961 veniens
969 1930 1052 1962 freta
1076 1932 1191 1972 glauca
1214 1936 1360 1973 vagatur,

479 1991 551 2011 cum
574 1981 684 2022 pelagi
708 1981 867 2023 Nymphis
891 1982 981 2013 ibunt
1005 1982 1156 2013 Tritones
1181 1983 1302 2014 alumni

477 2032 654 2064 Nereidum
679 2036 848 2074 spumante
873 2033 970 2064 choro
996 2034 1176 2076 Phorcique
1202 2035 1338 2067 clientes

478 2084 613 2125 gurgitis
637 2085 788 2126 aequorei
812 2086 919 2127 pisces
945 2086 1097 2117 immania
1121 2090 1191 2117 cete

478 2139 511 2167 et
534 2146 757 2178 quaecumque
781 2137 886 2168 latens
911 2141 1020 2178 surget
1044 2137 1083 2168 de
1108 2138 1257 2169 fluetibus
1282 2138 1353 2169 imis

393 2195 441 2222 150
477 2187 573 2218 belua
596 2188 745 2219 terribilis
771 2199 911 2220 summas
934 2190 1055 2230 gestire
1082 2200 1139 2231 per
1162 2189 1279 2223 undas:

478 2239 561 2270 inter
584 2249 662 2280 quas
686 2239 838 2281 delphine
863 2240 977 2272 sedens
1003 2240 1139 2272 Galatea
1164 2242 1282 2272 minaei

477 2291 663 2333 Neptunum
688 2291 860 2333 perfundet
883 2293 991 2333 aquis:
1015 2296 1143 2324 rorante
1168 2293 1288 2324 fluento

478 2343 531 2373 ille
556 2346 652 2384 caput
675 2343 874 2385 barbamque
898 2344 975 2375 citet
1000 2343 1126 2375 ridente
1151 2344 1266 2376 Dione.

189 2446 238 2471 115
256 2447 323 2478 quod
340 2449 461 2479 scriptum
479 2451 514 2472 est
533 2447 558 2471 ιή
578 2447 610 2477 Χ,
628 2452 711 2479 polest
736 2456 787 2472 esse
806 2448 891 2473 omina
911 2453 955 2472 aaz
980 2449 1065 2472 onmia
1155 2448 1203 2472 11⁴3
1225 2453 1312 2481 togata
1331 2448 1456 2474 Bischeler
1544 2449 1593 2474 113
1611 2450 1677 2480 qum]
1699 2449 1730 2475 X,

88 2497 137 2520 quo
156 2489 236 2514 Dalm
306 2494 344 2514 est
362 2491 422 2515 add.
437 2490 525 2522 Dalm,
549 2491 631 2515 omisit
653 2492 727 2515 nulla
747 2492 841 2515 lacuna
860 2492 890 2515 X
974 2491 1023 2516 1⁸22
1043 2493 1087 2515 Est
1106 2501 1156 2516 11011
1177 2492 1210 2522 N,
1234 2501 1313 2524 poena
1337 2493 1397 2517 adcl.
1412 2493 1536 2517 L'iae'vheler
1624 2492 1672 2516 123
1690 2492 1730 2515 ria·

88 2532 152 2557 inter
175 2536 232 2557 tura
338 2532 387 2558 125
413 2542 457 2565 per
482 2533 613 2565 Biillvwzs,
639 2538 695 2565 post
722 2534 751 2557 X
857 2533 905 2558 129
935 2536 987 2559 sata
1012 2535 1045 2565 X,
1076 2544 1141 2559 corr.
1163 2535 1241 2558 Dalm
1354 2534 1402 2559 132
1430 2536 1577 2567 cmnpungit
1607 2535 1731 2559 [michelm-

122 2574 171 2599 133
197 2576 268 2601 lubet
295 2577 363 2601 Ellis
449 2578 591 2609 veniaeque
628 2577 748 2602 Biilzrens
863 2576 910 2602 137
943 2586 988 2602 nec
1017 2582 1097 2608 mesta
1120 2578 1155 2607 N,
1182 2586 1247 2602 corr.
1271 2578 1350 2602 Dalm
1437 2579 1584 2603 concludam
1613 2578 1731 2601 Bsilzrens

122 2617 170 2642 142
188 2619 295 2644 flumina
313 2620 346 2652 N,
370 2630 435 2646 corr.
450 2620 530 2645 Dalm
599 2621 687 2645 mietat
709 2621 738 2644 X
831 2619 879 2645 146
898 2621 1009 2645 Tritonis
1028 2621 1154 2645 Brit-haer
1250 2621 1298 2646 148
1317 2625 1389 2652 caete
1411 2622 1444 2645 sic
1466 2622 1493 2644 X
1580 2620 1628 2645 145⁹
1646 2622 1678 2644 At
1698 2620 1730 2649 X,

89 2668 152 2685 corr.
173 2661 252 2687 Dalm
321 2664 403 2696 surgit
426 2664 458 2693 N,
477 2673 543 2689 corr.
561 2664 687 2688 Bsiclaeler
775 2663 824 2688 150
849 2664 919 2688 Bella
938 2664 966 2687 X
1052 2664 1099 2689 153
1123 2665 1181 2689 citet
1201 2673 1252 2695 esso,
1272 2665 1319 2689 ei'et
1338 2665 1372 2688 sic
1393 2665 1421 2688 N
1435 2664 1497 2696 (non
1516 2669 1550 2689 est
1570 2663 1728 2694 cmv-aplestia:

89 2703 195 2736 iriquum)
265 2706 370 2731 barban]
389 2708 487 2738 quatiet
507 2707 631 2738 Rosa-beru

190 2798 238 2825 148
264 2798 337 2833 Very.
350 2799 418 2826 Aen.
432 2803 454 2831 5,
472 2802 521 2825 822
539 2799 661 2825 inmania
681 2802 740 2825 0010
827 2801 871 2827 151
898 2800 940 2826 Or.
955 2803 1013 2827 met.
1031 2805 1063 2833 ll,
1078 2803 1125 2826 2:37
1142 2800 1273 2834 delphine
1293 2800 1396 2830 sedens,
1416 2800 1509 2826 Theti.

1473 2851 1520 2877 20
