2106 3061
702 170 854 197 EVGENH
890 171 1143 198 HEXAEMERON
1699 185 1738 215 53

510 260 542 289 et
565 261 664 299 negat
690 261 746 290 aut
771 259 908 300 spondet
932 259 1089 290 victurum
1115 259 1220 291 iudice
1245 261 1315 292 visu

354 309 406 336 400
510 310 619 341 taedia
642 310 786 341 laetitiae
811 311 863 342 vel
888 311 1007 352 gaudia
1030 311 1170 341 luctibus
1195 311 1319 344 indens.

509 372 565 392 cur
590 362 741 403 exempla
766 362 880 393 damus
904 362 1015 404 populi
1038 363 1200 404 praescire
1225 363 1341 404 futura⁷

443 420 480 439 ⁵20
512 423 583 444 cum
608 415 748 444 testante
774 413 834 444 deo
858 413 1012 444 doceatur
1035 425 1131 445 nosse
1157 415 1242 456 quod
1265 415 1386 447 instat?

508 463 606 495 ‘natio
631 463 783 506 viperea’,
809 465 936 505 clamat,
960 465 1151 496 mortalibus
1177 466 1290 508 inquit,

508 515 612 557 ‘signa
635 516 701 557 poli
725 516 838 553 nostis,
862 516 1051 557 praedicitis
1075 517 1231 548 “inminet
1256 518 1378 549 imbeff*

355 567 405 593 405
511 571 543 599 et
565 568 675 598 veniet
698 578 757 598 nec
781 567 864 598 fallit
887 567 990 599 hienis
1014 578 1072 599 nec
1097 568 1204 600 tardat
1228 569 1365 602 adesse.³

511 630 588 651 ecce
612 630 715 661 genus
739 619 904 650 hominum
930 623 1066 651 ventura
1091 621 1173 651 scire
1198 621 1360 662 probatur.

442 677 478 696 ⁵2⁵
510 681 570 702 nec
594 672 721 710 mirum,
747 671 867 702 Christi
892 672 918 702 si
943 672 1043 702 sentit
1066 672 1172 713 imago
1196 673 1348 713 futurum,

513 729 585 753 cum
610 733 667 754 nos
692 726 863 754 venturum
888 726 1043 754 moneant
1067 724 1219 755 animalia
1243 725 1361 756 multa:

511 775 610 806 ardea
633 785 711 806 rana
736 785 810 806 sues
835 775 989 806 formicae
1015 786 1128 806 corvus
1153 776 1288 807 hirundo

356 826 408 852 410
513 826 704 868 praedicunt
727 827 851 868 pluvias
874 837 935 857 nec
960 827 1024 857 iam
1048 828 1219 869 praesagia
1243 828 1368 861 fallunt.

511 877 588 919 quid
611 889 663 909 res
689 878 866 916 exanimes,
892 881 1014 909 testas?
1060 879 1196 910 ardente
1220 880 1353 911 lucerna

443 936 480 955 53⁰
512 930 690 961 scintillare
715 930 822 961 oleum
846 930 954 971 fungis
980 931 1202 962 crescentibus
1228 931 1359 972 ignem?

511 992 551 1013 an
575 981 654 1012 deus
678 982 881 1023 omnipotens
905 985 1016 1023 posset
1039 983 1163 1014 nescire
1188 983 1331 1015 latebras

510 1034 599 1075 rupis
625 1036 657 1065 et
681 1044 722 1065 ex
746 1034 830 1065 foliis
854 1034 952 1065 vestis
979 1037 1132 1066 contexta
1156 1035 1285 1067 caducis

355 1086 406 1111 415
512 1088 662 1128 aspectus
687 1086 816 1117 obstare
841 1086 914 1117 dei?
941 1089 1016 1117 tunc
1040 1097 1118 1118 voce
1143 1090 1278 1128 reatum,

512 1137 644 1169 crimine
668 1138 809 1169 feminco
834 1142 938 1169 semet
960 1149 1127 1180 peccasse,
1152 1140 1272 1170 fatetur

443 1196 480 1215 53⁵
511 1189 626 1220 infelix
650 1190 783 1226 coniux3
808 1190 841 1221 in
865 1191 1002 1232 coniuge
1028 1191 1115 1222 facta
1138 1191 1298 1223 redundat

511 1244 544 1273 et
566 1252 641 1273 reus
667 1245 810 1281 excusat,
836 1242 893 1273 sed
918 1253 980 1273 non
1004 1243 1190 1285 purgandus
1214 1244 1333 1285 agebat

513 1296 545 1324 et
568 1294 612 1324 sic
636 1294 830 1335 participem
854 1298 984 1336 propter
1009 1295 1129 1326 solacia
1154 1295 1253 1326 cladis

355 1344 406 1372 420
511 1346 660 1377 conscius
684 1345 822 1376 adscivit
845 1347 962 1383 socius,
988 1357 1047 1377 ceu
1072 1347 1190 1377 femina
1213 1347 1315 1389 possit

510 1397 550 1428 ad
577 1397 682 1428 scelus
706 1397 902 1428 horrendum
927 1398 978 1429 vel
1003 1408 1101 1429 saeva
1124 1399 1253 1440 piacula
1276 1400 1398 1430 mortis.

442 1455 480 1474 ⁵40
510 1449 666 1491 supplicio
692 1449 836 1481 sociante
860 1449 941 1480 duos
966 1450 1110 1481 relevare
1136 1453 1228 1481 reatu

512 1500 648 1531 credidit
671 1500 797 1539 infelix,
823 1501 880 1532 sed
904 1512 962 1542 par
986 1502 1147 1532 sententia
1171 1502 1312 1541 damnat⁷

512 1562 591 1594 quos
615 1563 674 1594 par
697 1552 792 1594 culpa
816 1555 923 1584 tenet:
949 1553 1068 1594 gradus
1092 1554 1158 1584 illic
1182 1555 1335 1596 temporis
1360 1555 1458 1586 inter-

355 1602 406 1628 4‘25
511 1607 559 1635 est
582 1606 719 1643 tantum,
744 1614 818 1635 nam
844 1615 941 1635 causa
966 1605 1044 1646 ligat
1069 1606 1246 1636 communis
1270 1609 1453 1648 utrumque.

511 1656 657 1697 exsurgit
682 1666 819 1687 censura
843 1655 895 1687 dei
918 1656 1040 1698 pietate
1064 1667 1178 1688 severa

443 1714 479 1732 5⁴5
512 1709 545 1738 et
568 1707 653 1738 vitae
679 1708 854 1748 mortisque
879 1707 973 1738 simul
999 1709 1162 1740 sententia
1185 1709 1298 1740 fertur.

513 1759 707 1801 supplicium
732 1759 857 1798 infelix,
882 1770 943 1801 quo
968 1770 1052 1791 mors
1076 1759 1170 1791 datur
1194 1763 1291 1802 atque
1315 1764 1462 1803 negatur,

510 1811 590 1842 ultio
614 1811 721 1842 vitalis
746 1811 916 1843 cohibetur
940 1811 1041 1843 limite
1067 1813 1194 1844 mortis:

204 1940 254 1965 399
274 1941 375 1973 spondit
393 1940 421 1964 F
519 1939 570 1965 405
589 1941 655 1965 hieni
675 1941 706 1964 Ill
809 1940 859 1965 414
878 1942 962 1966 uentis
981 1942 1014 1965 Μ
1114 1942 1164 1966 415
1183 1943 1325 1975 Adspeetns
1345 1943 1371 1974 (tl
1390 1945 1476 1976 erasa)
1496 1945 1529 1969 Μ’
1606 1946 1694 1970 obtare
1713 1945 1744 1976 F,

101 1985 219 2010 hebetare
239 1984 263 2008 P
329 1983 382 2008 418
401 1990 435 2008 se·
455 1992 505 2008 non
524 1984 562 2015 M,
581 1988 618 2008 set
637 1993 687 2008 non
707 1984 757 2009 FP
824 1984 874 2009 419
894 1986 991 2009 solacia
1010 1985 1093 2009 laudis
1112 1985 1144 2009 M
1211 1985 1261 2010 420
1279 1987 1344 2011 cehn
1364 1988 1390 2017 (ll
1410 1988 1498 2019 erasa)
1516 1989 1610 2013 femina
1629 1989 1698 2020 ponit
1719 1989 1746 2011 Jl

134 2032 218 2060 posset
236 2028 260 2052 P
358 2026 405 2051 4⁶21
427 2027 459 2051 ab
479 2027 524 2051 hoc
542 2035 616 2051 versu
634 2028 716 2051 denuo
736 2033 889 2052 succurrunt
909 2028 981 2058 LwZ
1081 2030 1150 2053 Adae
1171 2030 1253 2053 scelus
1273 2030 1303 2060 L,
1323 2031 1362 2054 Ad
1381 2040 1408 2061 es
1427 2032 1496 2055 celus
1517 2032 1545 2062 Q,
1565 2032 1598 2056 At
1616 2032 1698 2056 scelus
1719 2032 1746 2063 Z,

102 2080 184 2096 onmes
198 2075 306 2104 propter
323 2080 444 2103 maynam
464 2071 536 2095 illam
556 2072 676 2095 lacunam
695 2076 819 2095 mutantes
909 2071 958 2096 423
978 2080 1036 2103 pars
1056 2071 1135 2101 JILQ
1221 2072 1271 2097 424
1290 2082 1347 2105 pars
1367 2074 1414 2104 LQ
1484 2075 1602 2106 temporis
1622 2075 1696 2098 index
1719 2075 1749 2097 ill

134 2115 252 2146 temporis
271 2115 376 2139 interest
391 2114 393 2146 Ι
409 2115 521 2138 Tantum
540 2114 568 2138 F
646 2113 695 2139 4⁵2⁴}
715 2116 829 2146 Exurget
848 2115 897 2144 ΖΑΔ)
978 2114 1027 2139 427
1047 2116 1081 2139 At
1100 2115 1128 2147 Z,
1153 2116 1190 2139 Ac
1209 2116 1266 2140 edd.
1355 2116 1405 2141 4:2ss
1424 2126 1490 2141 mors
1510 2118 1650 2148 (lentraqne
1670 2126 1745 2149 nega-

100 2162 141 2183 tur
159 2158 232 2188 LQZ
247 2157 297 2189 (hic
316 2156 467 2189 denti-oque)

202 2285 253 2312 420
272 2284 359 2319 possit
379 2285 414 2311 ad
433 2285 511 2318 qnasi
529 2285 658 2312 medicina
678 2287 761 2312 valeat
781 2286 816 2312 ad
833 2286 1003 2313 velet-andum
