2106 3061
671 169 822 197 EVGENH
858 170 1125 197 DRACONTIANA
1676 176 1716 205 69

440 257 565 288 actibus
589 259 645 287 aut
668 256 773 287 fessus
798 259 932 297 quaerat
955 258 1160 298 requiescere
1186 258 1326 297 tandem,

337 317 369 344 10
440 309 493 350 qui
516 318 644 349 semper
667 308 830 349 requietus
855 309 921 349 agit
945 308 1130 350 faciensque
1155 309 1300 350 quiescit,

440 359 498 391 sed
522 359 607 401 quod
632 370 723 390 sacra
747 359 838 401 quies
862 359 978 400 typicis
1004 359 1159 401 adoperta
1183 361 1293 401 figuris

438 412 539 442 multa
563 414 655 452 gerat
679 411 780 452 signis
805 414 838 441 et
862 411 983 452 pandat
1007 412 1142 452 mystica
1165 411 1267 442 nobis.

439 463 525 494 dicta
548 462 600 494 dei
623 462 762 503 requies,
789 462 873 503 quod
896 462 992 493 rebus
1016 463 1084 493 iure
1109 463 1256 494 creandis

439 515 510 556 ipsa
532 514 644 545 modus
667 514 775 545 fuerat
799 515 921 544 cunctis
946 517 978 544 et
1002 514 1144 545 maxima
1167 514 1253 549 finis;

339 575 370 601 15
441 576 515 597 nam
538 576 622 597 nova
645 576 792 607 quaeque
816 565 905 605 fiunt,
931 565 993 596 iam
1018 569 1092 596 tunc
1117 565 1219 596 ordita
1242 565 1429 607 probantur.

438 618 524 649 dicta
548 617 600 649 dei
623 617 762 659 requies,
788 617 872 659 quod
896 620 1007 648 nostra
1030 617 1210 658 redemptio
1236 617 1382 648 Christus

439 669 471 700 in
496 680 591 701 carne
616 669 751 700 veniens
776 672 808 700 et
833 668 937 699 carnis
962 669 1068 699 vincla
1091 668 1257 700 resolvens

438 721 500 752 hoc
523 720 680 752 redeunte
706 719 756 751 die
781 720 867 751 felici
891 723 993 751 morte
1018 721 1149 761 quievit.

438 772 524 804 dicta
548 773 600 804 dei
624 772 761 813 requies,
787 772 871 814 quod
895 783 953 803 nos
978 776 1048 813 post
1072 772 1159 803 mille
1183 771 1308 803 labores

335 835 368 862 20
438 826 526 857 solus
550 825 671 867 ubique
696 825 808 856 fovens
833 825 863 855 in
888 835 922 855 se
947 825 1150 865 requiescere
1175 826 1259 865 cogit

437 887 497 908 nec
521 877 616 908 datur
638 877 705 907 ulla
729 876 819 917 quies
844 876 969 907 miseris
993 876 1054 906 nisi
1079 876 1213 917 suscipit
1236 876 1316 917 ipse.

438 929 524 960 dicta
548 938 675 970 quoque
699 928 839 969 requies,
864 927 1026 958 mundana
1050 927 1131 968 quod
1157 928 1239 958 actio
1262 938 1418 968 praesens

438 983 510 1022 post
536 991 595 1011 sex
620 982 757 1019 aetates,
782 990 861 1021 quas
885 978 1022 1010 mundus
1047 979 1078 1009 in
1103 978 1213 1009 ordine
1239 979 1345 1017 currit,

438 1033 503 1064 otia
526 1031 711 1074 percipiens
737 1035 870 1062 aeterna
892 1041 970 1073 paee
995 1030 1141 1072 quiescit.

440 1084 526 1115 dicta
550 1094 675 1125 quoque
700 1083 841 1125 requies,
867 1093 949 1125 quae
975 1083 1068 1114 nobis
1094 1083 1207 1113 ultima
1230 1093 1298 1114 sors
1323 1086 1383 1119 est,

437 1148 513 1168 nam
535 1138 620 1168 vitae
646 1147 741 1168 cursu
765 1136 948 1167 mundanae
974 1136 1067 1166 molis
1092 1135 1132 1166 ad
1157 1136 1258 1166 instar

438 1200 497 1221 sex
522 1192 597 1221 sunt
620 1192 744 1220 aetates
768 1188 907 1219 hominis
933 1191 965 1219 et
988 1188 1126 1229 septima
1150 1198 1235 1218 mors
1260 1190 1317 1218 est.

437 1242 542 1284 prima
565 1244 656 1272 tenet
680 1243 785 1271 ortum
809 1240 937 1281 generis
961 1240 1096 1270 infantia
1119 1239 1267 1280 simplex,

439 1293 541 1324 altera
565 1292 681 1324 deinde
706 1292 844 1334 pueritia
868 1292 973 1323 mollis
998 1291 1144 1329 habetur,

334 1353 368 1380 30
444 1345 540 1376 tertia
563 1355 645 1386 quae
671 1344 816 1385 sequitur
839 1344 909 1385 ipsa
933 1344 1091 1374 vocitatur
1115 1342 1236 1379 adulta,

438 1400 553 1438 quarta
576 1396 659 1437 gerit
685 1396 811 1426 virtutis
836 1405 930 1436 opem
955 1395 1103 1436 speciosa
1127 1395 1268 1432 iuventa,

440 1448 551 1489 quinta
576 1450 707 1479 senecta
732 1447 839 1488 gravis
864 1449 896 1477 et
920 1447 951 1477 in
975 1446 1089 1477 ultima
1113 1448 1258 1486 tempora
1282 1454 1429 1485 vergens,

440 1502 534 1531 sexta
557 1498 646 1530 venit
668 1499 800 1538 senium,
827 1509 909 1540 quae
934 1498 1019 1529 vitae
1044 1497 1195 1528 terminat
1219 1506 1344 1527 aevum.

522 1551 604 1581 haec
628 1551 696 1589 tibi,
721 1561 780 1582 rex
804 1559 937 1588 summe,
962 1549 1051 1580 iussu
1075 1548 1246 1590 conpulsus
1270 1547 1374 1585 herili,

333 1612 367 1638 35
438 1602 586 1634 servulus
610 1601 779 1643 Eugenius
804 1601 922 1633 devota
944 1604 1052 1632 mente
1078 1600 1192 1631 dicavi.

334 1094 349 1120 [Ὁ

351 1094 366 1120 ον

180 1725 196 1751 9
215 1726 344 1757 quiescere
353 1724 430 1756 Wiqb.
502 1722 535 1748 10
547 1723 675 1754 faciesque
689 1721 713 1746 P
783 1721 813 1747 11
833 1726 871 1746 est
884 1725 970 1754 operta
978 1721 1054 1754 Wiyb.
1126 1720 1156 1744 14
1171 1721 1247 1744 fucrit
1258 1719 1343 1751 Wiyh.‚
1363 1720 1427 1744 serat
1440 1718 1490 1743 FP
1558 1718 1589 1743 15
1603 1727 1719 1750 quaeque

79 1769 137 1794 MF
152 1769 238 1801 Wiyb.,
265 1777 314 1800 que
334 1768 358 1792 P
435 1768 486 1792 iam
512 1770 566 1791 tum
591 1767 708 1791 ordinata
724 1765 810 1797 Wiyb„
835 1766 883 1790 iam
907 1769 969 1789 tunc
997 1765 1079 1789 ordita
1104 1764 1141 1795 Ill,
1165 1765 1214 1788 iam
1237 1762 1296 1794 (lcoc
1319 1762 1407 1787 delevit
1434 1762 1473 1785 F²
1493 1766 1514 1786 et
1537 1771 1584 1786 ow.
1603 1762 1635 1791 1¹)
1658 1766 1719 1786 tuuc

77 1813 192 1837 ordinata
210 1811 260 1836 FP
342 1810 374 1835 16
393 1819 443 1843 quo
463 1810 580 1834 dominus
599 1818 629 1834 ac
647 1809 768 1834 redemtio
780 1809 854 1841 Wiyb.
939 1807 968 1832 17
989 1808 1095 1832 ueniens
1120 1816 1149 1831 ae
1165 1807 1240 1838 U'iyb.
1320 1805 1352 1830 19
1372 1814 1415 1837 pos
1434 1805 1473 1828 F¹
1553 1804 1583 1829 21
1603 1804 1718 1836 suscipit]

77 1856 146 1881 susci
175 1863 243 1879 man.
262 1856 277 1878 2
306 1862 386 1885 supra
414 1861 534 1877 rasuram
563 1852 591 1876 F
691 1850 724 1875 “212
748 1856 808 1883 pose
836 1859 937 1883 quoquc
964 1859 1044 1882 supra
1064 1858 1163 1874 rev-sum
1187 1849 1287 1879 scripsit
1309 1852 1347 1872 est
1368 1848 1415 1877 F'2‚
1442 1852 1480 1872 est
1506 1848 1579 1872 hahet
1601 1849 1674 1872 etiam
1698 1847 1722 1871 1¹

112 1898 145 1923 23
164 1906 227 1930 quos
246 1897 296 1922 FP
367 1895 400 1921 24
419 1896 560 1928 precipiens
579 1895 611 1919 M
687 1894 720 1919 25
738 1898 766 1917 υἱ
783 1893 856 1918 11..Ξὲ
932 1893 965 1918 ⁶26
984 1902 1074 1917 cursus
1093 1893 1177 1924 Πίζᾳῖμ7
1196 1901 1273 1917 cursu
1291 1892 1327 1923 ill,
1348 1900 1449 1916 cursum
1470 1891 1519 1914 FP
1590 1889 1622 1915 27
1642 1891 1719 1915 homi-

78 1950 138 1965 num
157 1940 188 1964 B]
272 1939 305 1964 28
323 1940 425 1964 hortum
445 1939 473 1963 F
554 1938 587 1962 29
608 1942 667 1968 post
685 1937 775 1961 deinde
795 1937 899 1961 addidit
917 1937 973 1961 loco
993 1936 1137 1960 rum-[calor
1155 1936 1182 1959 in
1202 1935 1232 1958 M
1317 1933 1350 1958 30
1367 1933 1383 1966 ἦ
1403 1934 1442 1957 F¹
1464 1943 1530 1958 corr.
1550 1934 1574 1957 ιἰι
1595 1943 1660 1965 quae
1679 1934 1719 1958 F²

112 1985 239 2009 uocitatm·
264 1983 353 2008 adulta
376 1983 403 2007 in
422 1991 510 2007 -amus
534 1981 649 2006 adultam
674 1989 739 2005 corr.
758 1981 904 2004 rubricatur
923 1980 948 2003 ἰιι
968 1979 999 2003 M
1083 1977 1114 2003 :Ji
1136 1979 1229 2002 urtutis
1248 1978 1291 2001 Μ1
1363 1978 1483 2001 iubentus
1503 1977 1534 2008 F,
1559 1978 1679 2001 iuuentus
1698 1977 1721 2000 P

113 2026 146 2052 32
165 2031 189 2051 et
207 2028 233 2051 in
257 2027 293 2055 ill,
318 2030 343 2051 et
365 2026 426 2057 (om.
446 2026 483 2055 in)
500 2025 585 2057 Wiyby,
607 2025 638 2049 ad
657 2024 721 2055 (sine
746 2025 781 2051 et)
800 2023 850 2047 FP
944 2022 978 2047 33
1001 2023 1045 2053 qui
1065 2022 1119 2051 FP,
1143 2022 1210 2053 quod
1229 2021 1286 2045 edd.
1381 2019 1414 2044 34
1433 2024 1455 2044 et
1476 2019 1509 2044 35
1532 2029 1582 2044 11110
1604 2029 1677 2044 versic
1696 2020 1723 2043 F

112 2079 208 2095 summe
227 2078 274 2095 om.
291 2069 390 2094 Iuliani
409 2069 462 2093 coel.
484 2068 570 2093 Palm.
646 2067 679 2092 35
698 2067 817 2092 seruulus
837 2070 864 2091 ut
882 2066 953 2098 potui
971 2066 1046 2097 ll'iyh.
1118 2065 1205 2089 dikavi
1225 2063 1282 2095 (sic)
1302 2063 1338 2093 M,
1357 2063 1443 2087 dieaui
1460 2063 1542 2094 ll'sybq
1562 2064 1658 2087 dicauit
1672 2063 1721 2087 FP

112 2115 204 2139 FINIT
222 2115 286 2139 SEX
304 2114 437 2138 DIERUM
455 2112 730 2137 RECAPITULATIO
750 2112 793 2135 ET
813 2112 883 2135 DIEI
903 2111 1039 2134 SEPTlMi
1060 2108 1255 2133 ENARRATIO
1275 2107 1405 2131 subscribit
1424 2106 1453 2129 ΣΙ]

180 2224 212 2250 27
230 2226 278 2249 sat.
293 2224 413 2257 221(169)
433 2232 479 2250 sex
499 2224 562 2249 sunt
581 2225 688 2249 aetates
707 2222 858 2249 homiuum.
878 2222 912 2253 cf.
927 2221 991 2247 Isid.
1006 2221 1070 2254 orig).
1088 2225 1121 2252 11,
1136 2223 1158 2251 2,
1174 2223 1237 2245 1-8
1316 2219 1349 2244 34
1369 2218 1468 2243 Iulian.
1486 2217 1539 2243 Tol.
1553 2224 1598 2242 [crs
1608 2224 1717 2249 mamm.

79 2280 100 2309 1,
114 2280 134 2308 1,
150 2279 184 2302 35
199 2284 311 2309 gramm.
325 2276 412 2309 suppl.
424 2283 450 2308 p.
466 2275 645 2307 C'CXXXII,
659 2279 673 2301 6
692 2275 838 2307 ememplum
857 2282 888 2300 ac
908 2273 1051 2306 ‹Iipihonyi.
1092 2271 1227 2303 Theodulfi
1245 2279 1324 2297 carm.
1338 2274 1377 2302 23,
1392 2273 1423 2296 39
1442 2277 1510 2302 quas
1529 2277 1580 2302 ego
1600 2267 1717 2293 'Pendul-

78 2327 120 2354 fus
139 2327 225 2354 cecini
246 2327 295 2354 sub
315 2327 426 2354 nomine
445 2327 532 2361 regis,
557 2327 681 2354 servulus
704 2327 819 2361 exiguus
843 2326 918 2352 iussu
938 2325 1085 2359 conpulsus
1109 2324 1170 2350 erili
1257 2323 1289 2349 35
1311 2322 1418 2355 Cori'pp,
1432 2321 1489 2347 Ion.
1503 2325 1526 2353 8,
1542 2324 1589 2346 153
1608 2320 1717 2353 culpam

79 2379 178 2406 devota,
196 2381 289 2406 mente
308 2379 398 2414 piavit
