2106 3061
677 177 826 203 EquNu
863 179 1095 206 slirisrAe'rm
1645 186 1700 215 127

478 267 509 295 te
535 264 615 295 deus
640 264 800 306 aspiciens
825 264 990 296 effundere
1016 266 1099 297 nolle
1123 277 1278 302 cruorem,

520 318 555 347 ut
579 316 648 347 sine
672 318 814 357 peccato,
839 326 902 347 non
926 317 993 347 sine
1017 316 1112 348 laude
1136 317 1236 355 daret,

478 367 614 398 contulit
638 367 765 398 absenti
789 370 896 398 terrae
917 368 1089 409 pelagique
1113 369 1305 410 triumphos:

520 418 636 450 Ansila
659 421 807 457 testatur,
832 418 964 450 Maurus
987 419 1106 460 ubique
1132 420 1224 451 iacet.

325 479 372 505 185
425 486 461 505 215
482 470 567 512 quod
590 473 727 512 pereunt
750 470 873 509 hostes,
897 471 982 511 regis
1007 471 1136 502 fortuna
1160 475 1308 504 vocatur:

425 537 462 556 21⁶
524 521 608 563 quod
631 525 769 563 pereunt
792 522 913 563 populi,
937 522 1090 563 temporis
1115 522 1192 553 ordo
1217 523 1308 564 gerit.

426 588 463 607 219
484 573 591 604 omnia
615 576 742 614 tempus
766 573 842 614 agit,
868 584 940 604 cum
964 576 1108 615 tempore
1134 578 1249 605 cuncta
1272 578 1432 614 creantur,

425 641 462 660 2'20
524 628 668 666 tempora
692 627 765 656 sunt
789 625 885 664 vitae,
909 628 1056 666 tempora
1079 626 1190 656 mortis
1215 629 1318 657 erunt.

478 688 537 708 sex
561 679 635 708 sunt
659 680 784 708 aetates
808 677 971 708 hominum
996 678 1150 719 cuiusque
1175 680 1327 709 senectae

327 740 375 767 190
523 732 556 761 et
580 729 729 760 distincta
753 732 864 760 tenent
888 732 1034 771 tempora
1058 740 1203 771 quaeque
1229 740 1295 760 sua.

478 780 635 822 numquid
659 780 808 811 adulterii
834 780 987 821 strepitus
1010 780 1146 811 infantia
1171 781 1308 822 simplex

523 832 665 863 vindicat
687 834 743 862 aut
765 831 913 862 fremitus
938 832 1030 873 pigra
1053 835 1186 863 senecta
1209 833 1314 873 gerit?

427 900 463 919 225
483 895 545 915 non
570 884 746 915 catulastra
770 883 853 924 gerit
876 883 1021 924 puerilia,
1045 894 1109 914 non
1133 894 1214 925 puer
1237 884 1334 915 audet

523 938 697 966 attrectare
721 937 815 966 tener
838 934 956 966 Martia
979 935 1045 966 tela
1067 945 1174 966 manu.

328 996 375 1023 195
480 998 543 1019 non
566 987 644 1018 furit
667 987 699 1017 in
720 997 873 1018 venerem
897 986 1037 1017 nondum
1061 987 1259 1028 pubentibus
1283 987 1373 1017 annis

522 1049 582 1070 nec
607 1038 708 1070 fetum
732 1042 845 1080 partus
869 1038 989 1069 femina
1012 1038 1117 1069 reddit
1141 1049 1233 1070 anus,

479 1093 622 1122 maturus
647 1092 774 1129 tractat,
799 1090 900 1131 gemit
924 1092 956 1121 et
980 1089 1195 1121 tremebunda
1219 1093 1369 1121 senectus

427 1158 464 1177 ¹230
527 1143 639 1174 nescia
662 1142 799 1173 fervoris
823 1142 874 1173 vel
898 1142 1038 1173 levitatis
1062 1142 1165 1183 inops.

480 1194 634 1236 numquid
659 1196 734 1225 nata
758 1204 852 1235 seges
877 1193 1023 1225 homines
1047 1204 1122 1224 mox
1148 1196 1251 1224 armat
1274 1196 1418 1234 agrestes

325 1255 376 1282 200
523 1246 654 1277 floribus
679 1248 735 1276 aut
758 1245 877 1286 genitis
900 1245 1023 1276 fructus
1048 1245 1132 1276 inest
1156 1245 1262 1276 subito
1273 1249 1285 1275 ζ’

480 1298 628 1329 novimus
653 1300 741 1329 astra
764 1297 829 1338 poli
854 1296 1017 1328 confectos
1042 1296 1179 1338 perdere
1203 1306 1315 1327 cursus

523 1351 767 1390 transactasque
793 1349 887 1379 simul
912 1349 958 1379 sic
981 1349 1138 1390 repetisse
1161 1348 1240 1379 vias.

427 1417 464 1435 235
484 1404 628 1442 tempore
653 1401 728 1431 luna
752 1411 809 1431 suo
835 1400 952 1432 crescit
976 1400 1027 1431 vel
1051 1400 1160 1431 deficit
1183 1400 1270 1439 orbe,

524 1453 614 1484 cuius
639 1452 680 1483 ad
704 1454 845 1483 aetatem
870 1452 1007 1493 plurima
1030 1462 1128 1493 saepe
1153 1452 1243 1483 fiunt.

327 1514 377 1540 205
483 1515 556 1536 nam
580 1505 657 1535 luna
681 1506 848 1535 crescente
871 1504 990 1534 fretum
1014 1503 1214 1534 incrementa
1237 1504 1381 1541 resumit,

523 1567 586 1598 qua
609 1556 773 1587 minuente
798 1555 880 1597 polis
908 1558 957 1586 est
981 1555 1083 1586 minor
1106 1555 1192 1586 unda
1215 1556 1322 1587 maris.

484 1608 624 1650 Cynthia
647 1607 722 1638 dum
746 1607 870 1645 erescit,
897 1607 1003 1638 fontes
1029 1610 1060 1638 et
1083 1607 1215 1638 flumina
1239 1611 1388 1639 crescunt

429 1676 466 1695 240
528 1663 561 1691 et
584 1659 772 1690 minuuntur
795 1659 883 1697 item,
909 1658 1048 1700 Cynthia
1071 1658 1146 1689 dum
1170 1659 1292 1690 minuit.

482 1712 554 1754 ipsa
577 1711 719 1743 medulla
743 1711 846 1742 latens
871 1711 1022 1742 observat
1046 1721 1165 1741 cornua
1188 1711 1294 1750 lunae,

330 1773 380 1799 210
528 1766 660 1795 servant
684 1766 716 1794 ct
738 1763 834 1793 lunae
859 1765 946 1793 tecta
970 1762 1104 1793 cerebra
1127 1762 1251 1803 globos.

483 1815 531 1847 sol
556 1815 668 1846 oculus
693 1814 775 1846 caeli
798 1813 929 1845 radians
954 1814 1099 1845 fuscatur
1122 1814 1162 1845 ab
1187 1814 1302 1845 umbra

528 1870 561 1898 et
584 1869 692 1898 tamen
716 1865 757 1897 ad
781 1866 890 1897 solitas
914 1866 1002 1907 itque
1026 1866 1172 1907 reditque
1196 1866 1318 1907 plagas.

429 1935 465 1953 245
486 1919 647 1960 accipiunt
670 1918 769 1949 facies
794 1918 917 1959 crispas
941 1918 1111 1959 lucemque
1134 1921 1302 1948 resumunt

433 1994 465 1997 —
528 1970 639 2002 ordine
664 1973 780 2001 cuncta
804 1980 861 2000 suo
886 1969 993 2001 sidera
1016 1969 1081 2000 fixa
1104 1970 1188 2011 polo.

328 2031 379 2057 ‘215
432 2038 469 2057 246
489 2023 607 2054 damna
630 2022 682 2053 vel
706 2024 882 2063 augmenta
905 2021 1002 2052 rebus
1027 2021 1188 2053 elementa
1212 2020 1384 2052 dederunt:

178 2187 226 2213 184
245 2188 344 2212 Ansilia
362 2188 387 2212 P
474 2186 523 2212 186
548 2188 645 2220 ipopuli
665 2187 699 2211 M
800 2186 847 2211 187
869 2195 915 2211 0711.
936 2186 985 2210 FP
1009 2186 1065 2211 edd.
1092 2189 1149 2209 aule
1169 2185 1347 2209 Lorcnzcmam
1454 2183 1502 2208 189
1521 2188 1581 2208 sunt
1602 2186 1654 2208 ctes
1673 2182 1712 2206 ΓΙ

110 2231 158 2256 192
176 2235 248 2264 gerat
260 2231 300 2255 F¹
373 2229 422 2255 193
440 2231 514 2262 gerit]
534 2231 572 2262 git
584 2239 665 2262 supra
676 2239 775 2255 versum
788 2229 828 2254 F¹
902 2229 950 2253 195
969 2230 1024 2254 Non
1045 2232 1104 2253 sunt
1123 2229 1148 2252 in
1167 2227 1205 2258 (ut
1217 2231 1277 2252 sunt
1296 2228 1320 2251 in
1335 2227 1442 2258 rasura)
1456 2227 1487 2258 F,
1508 2227 1562 2251 Non
1575 2233 1634 2250 sunt
1653 2226 1677 2250 in
1693 2226 1716 2249 P

111 2274 159 2299 196
171 2275 235 2299 redit
250 2274 288 2298 F¹
367 2273 417 2298 198
436 2275 529 2298 sehoris
549 2273 589 2298 F¹
661 2278 696 2298 est
714 2274 817 2298 ultimus
830 2282 914 2297 versus
934 2273 959 2297 ἱη
974 2273 1022 2297 FP
1039 2273 1095 2297 edd.
1115 2276 1172 2296 ante
1186 2272 1377 2301 Low-eumanum
1396 2274 1488 2295 celer-os
1507 2270 1580 2294 habet
1597 2270 1665 2293 solus
1685 2269 1714 2292 M

110 2316 158 2341 199
177 2321 249 2342 natos
268 2325 327 2349 eges
346 2317 371 2349 (o
396 2326 461 2342 corr.
476 2317 503 2341 in
521 2316 548 2350 a)
570 2317 602 2340 ᾸῙ
686 2316 735 2341 201
760 2317 883 2341 Nobimus
902 2315 1035 2348 astf'lsnpoli
1055 2316 1087 2339 M
1169 2314 1220 2340 202
1239 2322 1289 2346 que
1310 2314 1341 2337 „ll
1423 2312 1473 2337 20ss
1492 2314 1574 2343 Quam
1593 2313 1619 2336 in
1638 2315 1712 2335 vente

76 2360 126 2392 poli
146 2360 176 2384 M
244 2360 314 2385 unda
332 2368 424 2384 manus
443 2360 473 2383 Δ11
548 2358 598 2385 207
617 2361 721 2385 Chintia
740 2360 776 2390 M,
795 2352 921 2384 ieemffoss
1002 2358 1052 2383 ⁴312
1070 2357 1112 2390 im]
1131 2361 1243 2382 correcta
1262 2358 1286 2381 [11
1306 2356 1420 2389 mar-tsine
1439 2362 1448 2380 t
1468 2356 1499 2379 JI
1572 2354 1622 2379 ⁴213
1641 2354 1712 2379 Acci-

76 2404 153 2437 piana
178 2404 210 2428 M
231 2404 281 2429 ‘nisi
298 2404 365 2429 male
383 2404 488 2429 attendit
506 2404 572 2429 Beer
