2106 3061
802 190 975 219 ROMVLEA
994 193 1018 219 x
1667 203 1725 233 187

487 273 630 315 ‘servus’‚
654 275 750 307 Iason
775 277 820 307 ait
841 275 978 309 ‘tantum
1002 290 1041 311 ne
1066 281 1131 311 vita
1154 285 1290 322 negetur

399 334 450 361 255
486 329 517 358 te
541 337 654 368 precor
677 330 710 358 et
733 327 893 359 dominam
917 330 1043 361 fateor.³
1087 332 1133 362 sic
1157 332 1252 364 fatus.
1299 337 1330 364 at
1354 335 1408 365 illa

486 379 590 420 rumpi
613 379 718 410 vincla
741 379 849 416 iubet;
873 381 962 422 virgo
987 383 1155 424 suspendit
1178 384 1217 415 ab
1242 385 1314 423 aria

484 433 520 461 ut
541 430 666 461 facinus
690 434 807 472 purget
831 433 1010 473 proprium;
1035 437 1129 465 vocat
1151 435 1222 476 ipsa
1244 436 1393 467 maritum

484 481 628 512 vestibus
652 481 799 513 indutum
823 482 939 524 Tyriis,
964 494 1043 525 quas
1067 486 1188 517 sericus
1213 487 1314 518 ambit

483 533 588 563 mollis
613 536 645 564 et
667 534 699 564 in
723 533 830 565 medio
854 534 975 565 fulvum
1000 535 1191 568 distinxerat
1214 548 1335 575 aurum,

397 591 448 618 260
483 583 605 615 blattea
627 585 764 626 puniceo
789 585 958 617 radiabant
982 587 1120 618 stamina
1143 588 1208 619 filo.

483 635 614 676 expavit
637 636 754 674 nutrix,
779 646 889 667 omnes
913 640 1066 678 stupuere
1090 639 1240 675 ministri;

483 691 516 717 at
538 697 618 727 puer
641 687 823 728 ignipotens
847 689 950 719 victor
973 699 1030 729 per
1053 690 1175 730 templa
1197 691 1385 733 triumphat,

482 737 587 769 nudus
610 738 692 769 ludit
716 738 855 780 Hymen,
880 740 985 770 mollis
1009 740 1160 772 Lascivia
1184 742 1289 781 saltat,

481 788 599 820 blanda
622 788 736 820 Libido
761 790 833 828 coit,
858 790 997 831 simplex
1021 791 1169 823 Affectus
1193 793 1350 830 inhaeret,

395 847 445 873 265
481 839 606 871 ludicra
629 841 772 881 puniceis
796 841 992 872 resonabant
1016 842 1137 874 Oscula
1160 844 1269 883 labris,

480 891 558 922 dant
580 892 693 923 faciles
717 892 850 934 plausus
876 892 1055 924 Concordia
1081 894 1193 925 Gratia
1216 895 1339 927 Lusus:

481 953 618 984 sponsus
642 943 741 975 Iason
765 947 835 975 erat
857 944 1001 985 gaudens
1026 948 1058 976 et
1083 956 1201 987 sponsa
1226 948 1375 978 sacerdos

479 993 519 1025 ad
544 994 704 1026 thalamos
727 998 800 1036 post
823 996 955 1037 templa.
1001 996 1075 1028 duci
1100 1000 1175 1028 tunc
1200 999 1345 1039 pronuba
1370 1000 1449 1030 Iuno

480 1045 583 1076 adfuit
607 1049 639 1077 et
663 1049 771 1087 grates
796 1046 914 1078 Veneri
938 1048 1078 1079 facunda
1102 1049 1250 1080 canebat.

393 1105 444 1132 270
480 1107 556 1128 ecce
579 1098 814 1140 triumphantes
837 1098 980 1140 Ingratia
1003 1099 1083 1130 dura
1107 1100 1233 1141 iugales

480 1149 696 1190 consequitur,
720 1159 851 1190 gressus
877 1160 1007 1181 consors
1032 1150 1160 1183 Oblivio
1186 1152 1300 1194 iungit.

478 1200 638 1232 marcidus
662 1201 786 1232 interea
809 1200 937 1232 domitis
962 1202 1109 1234 rediebat
1132 1203 1172 1234 ab
1198 1203 1285 1235 Indis

478 1252 587 1292 Liber,
611 1253 804 1284 anhelantes
828 1253 972 1284 residens
997 1257 1070 1295 post
1093 1255 1216 1296 proelia
1240 1256 1353 1297 tigres:

478 1314 573 1345 quem
597 1305 744 1346 sequitur
768 1305 908 1336 iucunda
932 1316 1044 1336 manus
1072 1307 1190 1338 saltare
1215 1311 1327 1349 parata

392 1363 442 1390 275
478 1356 569 1387 ebria
591 1357 769 1398 pampineis
793 1357 932 1388 miscens
957 1358 1094 1399 vestigia
1118 1359 1248 1400 thyrsis.

478 1408 578 1439 sensit
601 1408 811 1440 amoriferum
836 1408 1018 1449 Scythicam
1043 1410 1156 1441 fixisse
1183 1412 1309 1452 sagittis

478 1463 510 1491 et
533 1460 698 1491 volucrem
720 1470 856 1502 puerum
881 1461 1070 1502 populatum
1095 1462 1214 1503 templa
1238 1462 1381 1494 Dianae:

478 1511 544 1543 ‘illo
568 1511 631 1543 iam
656 1512 800 1553 gressus’
824 1512 906 1543 dixit
928 1511 1128 1552 ‘convertite‚
1154 1514 1267 1555 tIgres:

478 1563 554 1595 estis
578 1574 670 1605 opus⁷
693 1574 766 1595 mea
789 1564 892 1603 turba,
917 1564 988 1596 deo,
1032 1568 1212 1606 properate,
1237 1566 1388 1597 ministri:

390 1623 441 1650 280
476 1615 625 1657 pinniger
647 1615 769 1646 Idalius
793 1616 897 1646 minor
920 1619 970 1647 est
993 1616 1062 1647 sine
1087 1627 1219 1649 munere
1244 1618 1373 1649 nostro&

476 1667 602 1698 dixerat
625 1670 658 1698 et
682 1666 849 1709 Scythiam
874 1678 994 1699 vacuus
1020 1668 1083 1698 iam
1107 1672 1222 1710 sponte
1246 1670 1395 1711 petebat:

474 1718 538 1749 iam
561 1718 650 1750 venit
673 1718 713 1749 ad
738 1717 886 1758 Colchos⁷
912 1719 975 1750 iam
1000 1730 1034 1751 se
1061 1720 1222 1751 Semeleia
1246 1721 1383 1762 iungunt

475 1770 614 1811 agmina,
637 1769 814 1811 Bybliades
838 1771 956 1802 saltant
980 1771 1196 1813 Bacchaeque
1221 1775 1376 1803 rotantur.

474 1824 593 1852 venatu
616 1821 742 1853 interea
765 1821 895 1853 rediens
920 1822 1054 1853 delubra
1079 1823 1210 1864 petebat

389 1880 439 1907 285
474 1872 651 1914 plectriferi
674 1883 829 1914 germana
852 1873 904 1905 dei
928 1874 1052 1913 mirata,
1077 1878 1210 1916 repente

474 1924 557 1966 quod
581 1924 675 1956 sileat
699 1925 865 1966 templum,
890 1925 996 1956 subito
1024 1925 1107 1967 quod
1132 1936 1260 1967 sparsus
1285 1926 1403 1968 ubique

474 1976 654 2007 ambrosius
678 1976 724 2008 sic
747 1976 866 2018 fraglet
889 1977 984 2013 odor:
1009 1987 1145 2008 sonuere
1169 1987 1225 2018 per
1249 1988 1345 2009 aures

474 2027 664 2059 fescennina
687 2027 781 2059 deae:
804 2026 1022 2069 ‘pulchrorum
1046 2031 1119 2059 vota
1142 2032 1308 2069 geruntur,

474 2079 618 2120 iungitur
640 2078 795 2110 Aesonidi
818 2079 946 2120 fulgens
970 2079 1088 2110 Medea
1111 2079 1247 2111 marito².

389 2139 439 2166 290
474 2130 602 2161 erubuit
626 2129 790 2172 doluitque
815 2130 925 2161 simul:
949 2128 1025 2161 ‘non
1050 2130 1156 2161 omine
1181 2131 1288 2162 fausto

475 2180 697 2223 coniungatur’
722 2182 766 2213 ait
789 2182 860 2213 ‘neo
884 2192 1040 2223 prospera
1064 2182 1212 2213 flammea
1237 2186 1358 2214 sumat:

182 2303 232 2330 256
286 2306 390 2338 Rumpit
417 2305 502 2330 vincla
528 2305 644 2337 iuueniq3
664 2305 735 2337 virgo
761 2304 893 2336 suspendit
911 2303 962 2335 Nn,
986 2304 1096 2335 correxi,
1121 2304 1224 2336 Rumpit
1243 2304 1328 2329 vincla
1352 2305 1474 2337 iubetque
1502 2306 1555 2329 viro
1582 2306 1721 2337 suspendat

83 2345 207 2372 Bt'iclieler
299 2347 350 2374 258
368 2344 443 2380 quati]
463 2348 496 2379 N7
515 2356 580 2380 quas
598 2357 616 2372 η
685 2346 736 2372 260
755 2347 861 2372 ssl'2atea
880 2345 967 2377 (nulla
986 2347 1011 2371 ἰη
1029 2347 1144 2377 wrm-ssime
1156 2347 1228 2378 nota)
1243 2347 1286 2370 Nn
1360 2348 1477 2372 radiabat
1489 2357 1506 2372 n
1576 2346 1626 2372 266
1645 2349 1720 2372 Risus

84 2387 124 2418 (em
132 2389 171 2413 VI
185 2392 218 2414 60
236 2390 265 2414 X
283 2389 338 2424 163)
357 2391 481 2423 Rossbery
572 2389 621 2416 267
640 2398 714 2420 sapen,
741 2390 856 2415 sacerdos
875 2390 904 2413 N
991 2388 1041 2414 268
1060 2390 1118 2414 duci
1137 2393 1198 2414 tunc
1217 2398 1268 2421 eya,
1289 2390 1358 2414 ducit
1376 2394 1401 2414 ct
1422 2391 1490 2415 hunc
1510 2391 1561 2421 Nn,
1580 2391 1638 2415 ruit.
1659 2394 1719 2414 tuuc

82 2430 213 2464 Bw'ichelem
236 2434 311 2466 fugit.
335 2438 396 2459 tunc
423 2434 475 2459 Leo
575 2433 625 2459 269
646 2434 750 2458 Veneris
779 2433 811 2465 N,
838 2442 904 2458 corr,
926 2433 1005 2457 Dalm
1114 2432 1162 2457 271
1187 2441 1291 2457 concors
1310 2442 1327 2456 π
1415 2434 1499 2465 iungit
1525 2433 1561 2464 (iu
1587 2442 1617 2457 ear
1639 2433 1684 2462 nu)
1703 2442 1720 2457 rn

115 2473 165 2500 280
183 2484 311 2502 murmure
329 2480 414 2502 nostro
437 2486 455 2501 n
550 2475 600 2501 281
626 2477 742 2501 Bacchus
765 2477 814 2501 iam
839 2476 965 2500 Bucheleo·
1058 2474 1108 2499 284
1133 2468 1239 2507 petebah
1262 2475 1293 2505 N,
1324 2476 1424 2507 petebat
1442 2485 1459 2499 n
1546 2475 1596 2500 288
1615 2475 1720 2508 pulchro

83 2516 141 2541 dum
164 2518 295 2552 Rosebery,
315 2520 467 2545 Colchorum
486 2519 578 2552 Peiper
665 2518 714 2544 291
734 2519 893 2551 Coniugatur
912 2519 944 2548 N,
965 2522 1027 2543 recte
1046 2527 1063 2542 n

182 2628 232 2654 258
255 2628 299 2655 Ov.
317 2632 375 2655 met.
394 2633 418 2662 5,
436 2633 468 2655 51
486 2628 598 2656 indutus
623 2629 797 2662 chlamydem
821 2629 941 2661 Tyriam,
962 2637 1044 2662 quam
1070 2628 1170 2654 limbus
1190 2627 1289 2654 obibat
1308 2636 1406 2654 aureus
1425 2628 1457 2659 (r.
1473 2627 1527 2653 ind.
1541 2635 1560 2653 s.
1576 2636 1595 2653 r.
1610 2626 1719 2660 Tyrius)

115 2678 164 2705 268
187 2679 230 2706 Ου.
243 2680 314 2713 episi.
329 2684 352 2713 6,
366 2684 397 2707 43
410 2681 504 2707 Iasoni
516 2681 642 2715 pronuba.
661 2681 728 2707 Iuno
746 2681 838 2707 adfuit
857 2682 883 2707 et
898 2701 903 2707 .
919 2702 923 2707 .
939 2701 943 2706 .
963 2680 1058 2713 (Verq.
1072 2681 1139 2706 Aen..
1154 2684 1177 2711 4,
1193 2683 1239 2706 166
1256 2679 1301 2704 Or.
1315 2681 1369 2704 met.
1383 2683 1406 2711 6,
1420 2680 1479 2712 423)
1549 2679 1598 2704 272
1613 2678 1718 2704 Lucan.

82 2732 103 2761 5,
116 2732 164 2756 237
180 2730 285 2758 interea
304 2731 415 2758 domitis
433 2732 534 2758 Caesar
551 2732 678 2759 rediebat
697 2732 806 2758 Hiberis
824 2732 869 2764 (cf.
888 2732 931 2757 Or.
946 2734 1000 2757 mel.
1016 2735 1050 2763 15,
1064 2733 1132 2763 569).
1169 2731 1234 2756 Stat.
1252 2730 1329 2756 Theb.
1344 2735 1366 2762 4,
1379 2734 1427 2756 652
1446 2729 1582 2756 marcidus·
1596 2729 1716 2755 edomito

83 2778 184 2807 bellum
202 2782 338 2809 referebat
357 2783 392 2809 ab
412 2783 516 2810 Haemo
536 2783 618 2809 Liber
707 2784 756 2809 275
778 2783 872 2809 Claud.
889 2786 926 2815 33,
943 2788 973 2809 19
991 2782 1068 2809 ebria
1082 2802 1087 2808 .
1102 2803 1106 2808 .
1122 2803 1126 2808 .
1147 2783 1235 2807 tii-mut
1257 2781 1373 2814 vestigia
1393 2781 1503 2814 thyrsus

1466 2832 1514 2858 24ἶξῑ
