2106 3061
703 179 735 204 ll.
773 178 885 204 INDEX
907 179 1118 206 VERBORVM.

120 263 234 295 insuper
258 270 348 288 escam
375 261 447 288 deus.
484 264 533 288 sat.
546 265 595 288 270
613 264 644 288 ut
668 263 705 289 sit
724 271 785 290 esca
803 265 885 290 leonis

119 297 206 330 lepus.
238 296 307 329 Eua.
323 303 344 322 c.
358 299 396 326 33,
411 300 441 321 17
453 296 563 330 porrige
577 297 733 323 dulcisonas
754 319 758 324 .
773 319 777 324 .
793 318 798 324 .
813 299 884 324 auri-

119 331 169 357 bus
188 338 262 356 escas
277 330 428 364 philomela.

85 364 212 397 esurio]
234 364 278 390 Or.
294 367 341 390 855
359 364 432 390 inter
451 364 565 390 delicias
585 388 590 392 .
606 385 611 391 .
626 385 631 390 .
652 365 745 392 esurit.

85 400 127 432 et]
153 399 222 425 Mer.
236 407 256 424 α.
270 402 293 431 2,
306 401 329 424 3.
352 402 375 431 3,
391 402 414 424 3.
441 403 465 427 4,
479 402 502 424 2.
526 403 596 429 4,10
615 399 719 433 [4,13].
745 405 770 432 4,
787 404 823 426 21.
843 404 882 427 28.

118 437 154 461 31.
174 436 212 459 37.
233 436 271 459 39.
304 440 377 465 pros.
392 437 405 459 1
418 433 442 458 A
459 437 473 459 7
490 435 518 459 et
537 436 639 459 tamen.
670 438 709 460 12.
741 439 754 460 1
768 435 794 460 R
806 439 836 461 16
856 437 884 461 et

120 468 240 501 quidem.
282 468 314 493 19
337 468 365 493 et
387 467 404 494 ·i.
425 468 511 493 etiam.
553 470 624 500 23sq.
643 471 744 501 quater.
786 473 801 494 2
814 470 837 494 A
851 473 884 495 20

121 504 148 528 et
166 504 268 527 tamen.
307 501 393 527 2131.
424 504 495 534 poet.
517 505 540 527 2.
565 506 589 527 4.
613 506 634 528 6.
661 507 698 529 14.
726 507 762 529 17.
785 507 824 529 22.
844 508 882 530 50.

120 541 151 563 54
169 544 219 562 nec
237 536 330 562 inulta
350 557 355 562 .
370 555 375 561 .
390 557 395 562 .
416 538 450 562 et.
487 540 517 562 59
535 536 606 562 haec
625 537 666 563 ait
686 539 713 563 et
734 558 738 563 .
754 557 759 563 .
774 558 779 563 .
800 546 881 571 pene-

117 572 251 597 traverat.
280 573 319 596 68.
341 574 378 596 70.
399 574 435 596 77.
454 573 494 596 87.
513 574 554 596 90.
575 574 614 596 94.
637 574 677 597 98.
699 575 738 597 99.
758 575 811 598 107.
832 577 882 598 111.

117 608 172 631 113.
185 609 238 631 114.
252 608 303 630 117.
322 608 376 630 124.
392 607 514 631 126130.
534 607 586 630 135.
606 608 657 631 137.
678 609 731 631 141.
752 610 808 634 148.
828 610 883 633 150.

117 643 174 665 154.
194 642 247 665 162.
267 642 323 664 168.
344 642 398 664 175.
418 642 471 665 178.
511 639 607 664 Christ.
625 644 648 665 4.
674 644 711 666 10.
732 643 768 666 13.
788 644 825 666 16.
844 644 882 667 21.

118 677 157 700 28.
224 673 414 706 postpositum:
435 673 504 699 Mer.
513 676 584 706 poet.
598 678 612 699 9
636 674 758 707 perdidit
778 677 813 701 et.
849 678 883 701 58

117 707 219 734 nobilis
233 709 268 733 et.
316 708 377 733 ilem
389 707 503 733 secundo
516 708 586 733 loco:
600 707 684 734 Drac.
696 717 735 735 ex.
744 717 783 742 qr.
798 714 818 741 1,
830 714 882 736 172.

118 746 169 768 175.
194 745 252 768 204.
281 744 339 768 322.
367 745 390 772 2,
407 745 463 768 423,
494 742 569 767 VIII
581 745 629 768 332
656 742 700 769 Or.
713 746 746 769 34
768 744 883 776 passim,-

118 779 180 802 nota
194 780 216 807 2,
230 780 275 802 595
292 776 366 802 idem
379 783 486 810 semper
498 776 551 802 eris
565 777 638 809 quod
658 779 686 803 et
706 785 741 810 es,
761 778 834 811 quod
855 780 883 804 et

116 813 182 837 ante
201 810 287 836 fuisti.
321 813 344 842 2,
355 814 403 836 815
424 810 491 844 quid
505 831 510 836 .
523 831 527 835 .
540 831 555 841 .,
573 811 640 844 quid
654 813 682 837 et
701 833 706 838 .
721 833 725 838 .
742 833 746 838 .
762 832 767 838 .
798 815 821 844 3,
831 816 882 838 484

116 845 190 871 inter
215 866 221 871 .
241 865 266 871 ..
291 845 365 871 inter
388 846 422 871 et.
464 846 539 871 tertio
565 845 631 871 Ioco:
657 850 678 877 1,
691 849 780 879 31880,
803 848 882 878 (ana-

113 879 219 913 phora),
241 884 261 912 1,
275 882 325 905 602
344 880 372 912 (i.
385 887 408 911 q.
423 880 517 910 etiam,
536 882 565 905 fut
587 883 611 906 et
631 880 661 905 X
673 882 740 914 326).
780 881 810 906 X
822 884 881 912 332,

122 913 166 940 Or.
181 917 237 945 756;
256 916 353 946 quarto
372 914 439 939 loeo:
460 918 481 944 1,
493 917 542 940 633
561 916 589 940 et
607 915 634 946 (i.
649 922 671 947 q.
685 915 768 941 etiam
782 919 804 947 2,
816 918 881 948 579).

115 951 138 981 3,
152 951 208 974 696.
274 956 328 981 pro
347 948 445 974 etiam:
470 952 491 980 1,
505 951 543 974 63.
562 952 601 974 68.
621 952 666 974 231
687 958 748 975 cum
768 950 835 975 luna
854 952 882 976 et

116 982 207 1009 sidera
293 983 444 1008 ostentans.
481 987 502 1013 1,
515 986 567 1009 307
584 983 665 1008 India
684 992 744 1009 cum
764 984 881 1017 gemmis

116 1019 144 1043 et
169 1016 289 1043 eburnea
313 1018 437 1043 monstra
460 1017 591 1044 minatur.
633 1018 721 1051 (3769)
745 1021 798 1044 377.
824 1022 880 1044 401.

116 1054 172 1078 481.
200 1054 254 1077 490
282 1051 329 1077 sed
351 1053 385 1077 et.
423 1051 473 1077 602
501 1052 589 1084 (tertio
608 1052 672 1083 loco)
699 1055 749 1079 633
772 1054 882 1086 (quarto

117 1086 190 1119 loco).
226 1089 279 1112 667.
312 1089 364 1112 704.
396 1088 448 1111 743.
477 1089 500 1117 2,
517 1090 556 1112 99.
586 1090 633 1113 104
658 1087 784 1118 (secundo
808 1088 881 1120 Ioco).

115 1123 169 1146 276.
199 1123 254 1146 278.
283 1124 329 1146 579
356 1120 463 1153 (quarto
484 1120 549 1154 loeo)
578 1124 630 1147 726.
657 1124 679 1152 3,
702 1125 723 1148 9.
752 1125 805 1148 147,
831 1130 881 1148 nec

116 1154 175 1181 sola
194 1174 200 1180 .
214 1175 219 1180 .
233 1174 247 1184 .‚
268 1155 304 1180 et.
340 1158 387 1180 617
403 1154 530 1188 (secundo
555 1155 630 1189 loco).
665 1159 714 1181 sat.
733 1159 780 1182 182
804 1157 881 1182 cuius

116 1191 151 1215 et.
194 1188 273 1214 VIII
280 1191 338 1215 548.
377 1188 407 1214 X
418 1192 468 1215 326
486 1189 574 1221 (tertio
592 1190 659 1223 Ioco)
685 1193 733 1216 332
752 1190 839 1223 (tertio
852 1191 881 1222 ῑ.)

114 1225 164 1257 fry.
178 1227 199 1254 1,
210 1225 226 1249 3
243 1222 286 1249 Or.
301 1226 349 1249 405
363 1223 474 1256 passim.
555 1225 584 1250 et
602 1225 672 1257 ipse:
693 1232 725 1250 ew
735 1233 774 1257 yr.
789 1229 810 1257 1,
823 1228 879 1251 231.

115 1261 138 1290 2,
154 1260 206 1284 787.
225 1260 248 1290 3,
262 1261 314 1284 618.
388 1259 416 1284 et
441 1258 546 1291 magis:
575 1258 620 1284 Or.
632 1262 683 1285 308
702 1259 748 1292 [Χ
760 1263 807 1285 174
825 1267 880 1285 coa·-

115 1295 223 1325 ruptum
222 1292 251 1326 ].
321 1293 349 1318 et
359 1299 409 1325 pro
422 1294 507 1325 atque
520 1292 562 1318 id:
583 1292 627 1319 Or.
641 1296 696 1320 896.
734 1294 762 1319 et
780 1294 879 1320 merito

117 1335 137 1353 v.
151 1326 199 1352 sub
218 1326 324 1359 merito,
344 1328 372 1352 et
391 1326 461 1352 bene
479 1335 501 1352 r.
520 1335 540 1352 s.
559 1327 636 1353 bene.
689 1329 717 1354 et
734 1328 881 1360 fortissima

115 1361 140 1386 vi
148 1360 228 1387 VIII
232 1364 288 1387 289.
332 1361 350 1386 i.
363 1369 386 1394 q.
398 1362 426 1387 et
436 1362 543 1387 tamen:
554 1365 577 1392 2,
590 1365 641 1388 718.
688 1364 715 1388 et
724 1371 779 1388 non
790 1367 811 1395 1,
824 1366 881 1389 506.

117 1395 148 1421 X
159 1398 212 1421 132.
249 1396 277 1421 et
290 1415 296 1421 .
308 1415 313 1421 .
325 1415 330 1421 .
345 1403 395 1421 nec
413 1398 436 1427 3,
448 1399 502 1422 115.
539 1397 568 1422 et
580 1405 722 1430 nunquam
737 1397 826 1424 IV16.
840 1400 880 1424 34.

115 1431 143 1455 et
160 1430 255 1455 nullus
274 1429 323 1455 IX
335 1432 387 1456 139.
429 1431 458 1456 et
475 1430 516 1456 nil
535 1430 613 1456 VIII
621 1434 679 1458 390.
722 1440 778 1458 non
792 1452 797 1458 .
813 1452 818 1458 .
833 1452 838 1458 .
854 1433 882 1458 et

114 1467 137 1497 2,
152 1467 197 1490 763
215 1463 302 1498 [788
320 1464 411 1498 ἰναά].
449 1473 484 1490 ne
503 1485 509 1491 .
523 1484 529 1491 .
543 1485 549 1491 .
569 1466 597 1491 et
617 1465 709 1492 X215.
761 1466 792 1491 in
804 1466 881 1492 initio

115 1499 176 1524 novi
194 1498 343 1524 enuntiati.-
369 1503 390 1530 1,
406 1502 453 1525 650
472 1499 600 1532 quotiens
619 1519 625 1525 .
641 1521 646 1526 .
661 1519 667 1526 .
686 1500 796 1526 iacebat
814 1520 820 1526 .
835 1521 840 1526 .
855 1500 880 1526 A?

115 1534 143 1559 et
162 1553 168 1559 .
182 1553 208 1559 ..
234 1533 366 1559 nascitur.
407 1537 428 1563 1,
444 1537 492 1560 700
514 1533 580 1559 deus
603 1534 733 1560 mumdum
757 1535 881 1561 concutit

116 1568 145 1593 et
164 1567 286 1593 subitum
305 1568 443 1593 monstrat
528 1569 602 1594 terra
621 1570 774 1595 tremorem.
820 1569 881 1595 item

115 1605 140 1633 2,
152 1605 207 1628 419.
245 1601 334 1628 Χ517
352 1601 396 1628 Or.
412 1605 466 1628 758.
507 1604 541 1636 cf.
561 1603 633 1628 dixit
657 1604 696 1636 et,
722 1603 830 1629 dixerat
853 1605 881 1630 et

115 1636 172 1662 sim.
185 1644 205 1663 s,
219 1644 241 1662 v.
261 1636 329 1662 dico.
366 1636 498 1662 notabilia
523 1637 600 1662 etiam
621 1638 780 1671 propinqua
803 1638 880 1663 haec:

121 1670 255 1697 VIII218
273 1671 319 1696 vix
338 1670 447 1697 viderat
467 1691 473 1697 .
488 1691 493 1696 .
508 1691 522 1704 .,
542 1672 570 1697 et
589 1672 699 1705 quaerit
712 1672 772 1705 (71).
811 1672 887 1698 VIII

115 1708 167 1731 260
184 1706 333 1738 postquam
354 1705 458 1738 legatio
479 1725 484 1731 .
499 1726 504 1732 .
519 1725 525 1731 .
545 1706 625 1737 sedit,
646 1708 673 1732 et
690 1707 815 1733 Antenor
835 1728 840 1733 .
855 1727 860 1732 .
874 1727 880 1733 .

116 1740 249 1773 profatur.
304 1741 332 1765 et
351 1740 560 1766 enumerationis
572 1741 649 1766 tertio
662 1741 717 1767 loco
729 1742 846 1774 positum
860 1749 880 1767 v.

115 1773 171 1799 incl.
190 1781 301 1808 yramm.
321 1774 369 1800 sub
387 1774 550 1807 asyndeton.

82 1807 221 1841 etenim]
240 1808 311 1834 Mer.
320 1816 392 1841 pros.
406 1812 422 1834 2
433 1809 460 1834 A
473 1811 510 1835 13.

82 1842 255 1876 ethnicus]
282 1843 354 1876 Euy.
375 1851 395 1869 c.
416 1846 460 1875 20,
479 1847 513 1869 20
537 1843 638 1877 (turbis
668 1843 771 1877 ubique
803 1844 880 1870 terri-

114 1876 220 1911 t)amur
238 1877 365 1903 ethnicis.

81 1911 194 1945 etiam]
214 1912 283 1938 Mer.
296 1919 316 1937 c.
330 1916 350 1943 1,
365 1915 396 1937 17
411 1911 496 1937 Drac.
509 1914 558 1937 sat.
570 1915 626 1938 282.

82 1945 159 1979 etsi]
180 1949 230 1972 sat.
243 1948 293 1972 310
311 1945 363 1972 etsi
383 1945 495 1978 peccavi
515 1946 547 1978 (si
568 1946 646 1979 bibl).

82 1980 198 2013 evado]
226 1983 254 2013 3,
276 1983 324 2006 632
351 1981 415 2014 post
443 1980 530 2006 scelus
559 1981 648 2007 evasit
740 1981 879 2008 honestas.

120 2014 164 2041 Or.
177 2018 227 2041 266
246 2015 361 2040 evadere.
380 2014 459 2041 retia.
494 2017 542 2041 345
554 2015 744 2041 Penthesileam
757 2016 803 2041 vix
817 2024 879 2042 eva-

115 2049 152 2075 sit
165 2049 284 2075 Atrides.
315 2052 361 2076 375
378 2049 411 2075 de
424 2057 480 2082 qua
493 2049 613 2082 (carina)
627 2070 632 2076 .
645 2070 666 2075 ..
681 2050 756 2076 evasi
774 2050 878 2083 remige

116 2083 222 2117 planta.
261 2088 303 2110 715
322 2084 438 2110 evadere
458 2083 545 2109 iustas
564 2104 570 2110 .
583 2105 589 2110 .
605 2104 610 2109 .
629 2093 734 2110 manus.

81 2118 312 2152 euangelium]
332 2118 404 2152 Euy.
418 2125 438 2143 c.
455 2121 479 2149 8,
491 2121 521 2144 13
540 2119 695 2151 euangelia.

82 2152 196 2186 eveho]
217 2153 286 2179 Mer.
295 2160 369 2186 pros.
383 2156 399 2178 2
411 2154 436 2179 Α
448 2157 463 2179 5
475 2161 518 2178 me
532 2174 536 2178 .
553 2174 558 2179 .
573 2174 578 2179 .
593 2153 627 2179 ad
640 2153 751 2179 honoris
763 2153 877 2179 maximi

114 2194 214 2213 nomen
233 2207 238 2212 .
254 2208 259 2213 .
275 2207 280 2213 .
299 2187 450 2221 imperator
469 2187 569 2213 evexit.

81 2228 162 2247 even
172 2222 236 2254 tus]
255 2225 278 2252 2,
292 2225 338 2248 112
350 2223 452 2248 sanctis
472 2242 477 2247 .
492 2242 497 2247 .
513 2242 518 2248 .
538 2221 682 2248 eventibus
702 2222 718 2247 i.
732 2222 877 2248 miraculis.

81 2255 227 2289 eversor]
249 2255 293 2282 Or.
306 2259 354 2282 899
378 2264 529 2283 eversorem
549 2257 631 2282 Asiae
649 2256 791 2290 Pyrrhum.
832 2260 878 2282 275

114 2289 173 2315 item
186 2290 361 2323 (desertorem
375 2291 459 2323 codd.)
476 2290 508 2316 de
526 2291 738 2324 Ayamem'none;
757 2291 791 2323 cf.
805 2293 877 2317 nota.

81 2324 213 2358 evinco]
234 2325 280 2350 IV
291 2329 319 2351 11
338 2333 450 2359 superas
470 2325 574 2351 evincit
593 2326 731 2358 (intrans.)
749 2325 778 2351 in
797 2333 878 2351 auras

113 2361 261 2385 monstrum
280 2360 358 2392 quale
378 2359 509 2386 Cerberus.

81 2401 190 2435 evolo]
210 2402 284 2428 1175
302 2403 395 2429 evolat
413 2405 536 2429 armatus
555 2403 645 2429 Amor.

81 2444 205 2478 evomo]
220 2449 242 2475 1,
257 2447 306 2471 256
318 2447 396 2471 sexta
409 2445 467 2471 dies
481 2466 485 2472 .
501 2466 506 2471 .
521 2466 526 2471 .
540 2445 638 2472 herbas
653 2445 765 2472 evomit.
794 2449 817 2478 1,
829 2448 877 2472 609

114 2478 189 2504 mula
215 2487 301 2512 aquas
322 2479 390 2506 licet
417 2481 535 2506 evomat.
578 2480 623 2507 Or.
641 2483 688 2506 461
716 2479 821 2506 evomit
848 2479 877 2505 in

115 2513 234 2546 gemitus
253 2522 333 2540 voces
352 2515 380 2540 et
399 2514 483 2540 verba
501 2514 610 2541 doloris.

82 2557 192 2589 eurus]
215 2559 296 2587 2,161
318 2557 506 2584 recidentibus
530 2557 601 2583 euris
627 2557 687 2589 (Or.
702 2558 758 2590 42).
794 2560 816 2588 2,
831 2559 878 2583 463

115 2590 225 2624 populis
243 2591 435 2624 spectantibus
453 2592 540 2625 (pecc-
559 2593 594 2625 B)
614 2599 701 2618 euros
737 2595 760 2625 3,
775 2596 803 2618 15
816 2599 877 2618 con-

114 2624 173 2650 lisis
190 2625 310 2652 nubibus
330 2634 403 2652 euro.

82 2674 132 2699 ext,
152 2667 177 2701 e]
202 2671 226 2701 2,
239 2672 285 2695 125
310 2669 391 2695 simul
415 2677 449 2695 ex
472 2670 550 2695 utero
575 2669 664 2695 statim
679 2671 739 2701 post
754 2671 872 2702 partum.

115 2704 138 2734 2,
151 2705 200 2728 288
218 2710 282 2729 aves
307 2711 340 2729 ex
365 2703 442 2730 nulla
461 2705 541 2738 parte
559 2705 698 2729 nocentes.
736 2707 760 2734 2,
775 2706 826 2729 368
845 2711 877 2729 ex

115 2736 269 2769 primo
295 2746 369 2764 nunc
395 2746 490 2771 usque.
533 2741 556 2770 3,
574 2741 621 2764 369
648 2738 817 2770 dantemque
845 2745 877 2763 ex

115 2770 194 2797 hoste
206 2773 329 2805 tropaea.
360 2772 428 2798 720
446 2781 479 2799 ex
491 2773 571 2798 hoste
584 2774 679 2798 manet
698 2792 702 2798 .
718 2792 723 2798 .
739 2793 744 2799 .
764 2771 877 2798 amicus.

115 2804 192 2831 VIII
206 2809 252 2838 555
270 2814 284 2832 e
303 2807 384 2832 iussis
401 2807 547 2833 secundum
565 2807 646 2833 iussa.

183 2856 344 2884 Semproioes
362 2858 552 2888 Axmomssnn
570 2857 642 2884 XIV.
658 2859 680 2884 1.

1666 189 1727 217 345

938 265 1084 298 exactor]
1104 268 1126 297 3,
1140 269 1170 292 36
1188 275 1243 292 non
1263 269 1415 294 exactorem
1430 270 1518 302 pudor
1535 269 1660 303 inprimit
1680 272 1729 297 aut

973 299 1050 325 dolor
1068 299 1140 325 ullus
1160 303 1294 326 exactum.

938 334 1110 367 exaestuo]
1129 337 1152 363 3.
1166 338 1195 360 65
1215 337 1358 361 exaestuat
1377 337 1473 362 ardens
1492 338 1568 366 dii-es,

938 367 1084 400 exagito]
1108 371 1156 393 scd.
1169 372 1217 395 284
1236 378 1303 402 quos
1387 372 1512 404 exagitat
1531 374 1617 408 frigus
1636 375 1728 408 inops-

972 410 1025 434 que
1039 402 1131 428 fames.
1163 403 1213 428 IX
1225 407 1272 429 135
1285 404 1402 430 nominis
1416 405 1549 433 invidiam
1569 429 1573 434 .
1590 430 1595 435 .
1610 430 1614 435 .
1634 417 1728 435 manes

971 435 1124 469 exagitant.

937 470 1116 503 exanimis]
1137 475 1157 501 1,
1171 475 1217 497 529
1239 480 1280 497 res
1300 473 1445 498 exanimes.

991 524 1016 530 ..
1036 512 1164 530 revocare
1183 506 1275 531 saluti.

937 539 1080 571 exarmo]
1102 539 1246 572 Menzpoct.
1260 543 1293 566 39
1313 543 1437 567 exarmat
1457 543 1571 569 Bellona
1590 552 1688 570 comas.

937 573 1049 605 exaro]
1070 573 1142 607 Eury.
1156 582 1175 600 e.
1189 577 1229 605 39,
1242 579 1254 600 1
1270 575 1378 608 Moyses
1392 577 1495 609 primus
1510 577 1647 604 Hebraeas
1666 587 1728 604 exa-

970 607 1043 632 ravit
1062 608 1178 633 litteras.

937 641 1090 674 exaudio]
1110 646 1132 673 2,
1146 646 1194 668 602
1213 643 1325 669 exaudis
1339 645 1412 677 quod
1426 645 1522 679 lingua
1536 648 1616 672 tacet.
1652 650 1674 679 2,
1688 651 1730 673 757

970 676 1099 708 supplices
1118 677 1238 703 exaudit.
1269 678 1356 704 Χ424
1367 680 1615 706 exaudifamulam.
1640 681 1729 707 Χ453

971 710 1040 735 nihil
1055 712 1096 735 est
1110 711 1183 743 quod
1198 720 1251 737 non
1266 721 1308 738 nie
1323 713 1453 740 exaudiat
1466 723 1596 747 unquam.
1629 715 1671 741 Or.
1682 720 1729 742 473

971 744 1070 769 exaudi
1090 745 1225 771 lacrimas.

937 779 1093 812 excanto]
1113 783 1135 810 2,
1151 782 1201 805 336
1227 782 1385 808 excantavit
1404 790 1470 813 gese·
1483 782 1547 815 cod.)
1566 791 1650 816 agens
1669 784 1728 810 ani-

970 821 1043 838 mam
1062 821 1151 847 maga.

937 847 1097 881 excelsus]
1117 853 1137 879 1,
1152 851 1200 874 103
1218 848 1252 873 ab
1267 849 1379 875 excelsis
1393 851 1486 876 veniat
1499 851 1630 878 vindicta.
1665 856 1688 884 3,
1699 856 1728 878 21

971 881 1068 907 celsior
1086 883 1200 908 excelsis
1220 882 1292 908 deus.

1487 478 1509 505 2,
1524 480 1571 501 122
1590 477 1728 503 exanimes

936 923 1073 941 excessu
1082 916 1102 949 s]
1127 917 1149 942 V
1163 920 1209 942 118
1227 917 1264 943 tit.
1283 918 1368 950 partis
1385 920 1585 951 controrersiac3
1603 923 1636 953 cf.
1656 923 1728 946 nota.

936 950 1123 983 excidium]
1150 951 1224 976 VIII
1234 955 1279 977 271
1298 952 1400 978 favillis
1420 953 1519 978 excidii
1546 954 1646 980 Troiae.
1682 958 1728 981 293

970 984 1106 1010 excidium
1127 985 1233 1011 Troiae.

936 1019 1071 1052 excido]
1093 1020 1160 1045 Mer.
1175 1028 1195 1045 c.
1209 1022 1258 1050 3,6
1277 1020 1397 1045 excisum
1484 1021 1556 1047 latus
1575 1022 1646 1048 buxi.

936 1053 1083 1087 excipio]
1109 1054 1177 1080 Mer.
1191 1062 1212 1080 c.
1225 1058 1250 1086 4,
1260 1057 1293 1080 30
1315 1055 1425 1088 excepit
1450 1056 1554 1088 gremio
1640 1058 1728 1083 Roma

965 1095 1088 1120 puerum.
1126 1088 1209 1114 Drccc.
1224 1092 1246 1120 2,
1259 1092 1305 1114 395
1319 1089 1427 1122 excepit
1446 1109 1451 1114 .
1467 1110 1472 1115 .
1492 1090 1574 1115 tellus
1592 1092 1727 1124 natosque

969 1123 1126 1155 patresque.
1168 1126 1190 1153 2,
1209 1126 1258 1148 586
1281 1123 1385 1148 Paulus
1412 1123 1499 1149 bonus
1524 1125 1633 1158 excepit
1657 1126 1728 1158 (con-

968 1156 1095 1187 tinuarit)
1118 1157 1191 1189 quod
1217 1158 1283 1183 tunc
1302 1157 1374 1183 male
1398 1158 1463 1184 fecit
1488 1159 1606 1191 iniquus.
1647 1163 1729 1191 3,171

969 1199 1067 1224 pueros
1086 1191 1183 1217 fornax
1197 1193 1342 1224 exceperat
1356 1192 1461 1218 ardens.
1497 1196 1519 1224 3,
1537 1197 1579 1219 754
1598 1196 1728 1227 exceptus

990 1245 1016 1251 ..
1042 1225 1075 1251 de
1102 1226 1174 1251 fasce
1199 1226 1342 1252 malorum.
1386 1226 1416 1252 X
1432 1230 1484 1253 438
1510 1228 1606 1253 funera
1631 1229 1726 1254 mundi

969 1259 1074 1292 excipis
1101 1268 1116 1286 ο
1135 1260 1194 1285 Dis.
1247 1260 1290 1286 Or.
1311 1263 1364 1286 958
1388 1261 1531 1294 excipiunt
1556 1263 1651 1295 populi
1677 1283 1682 1289 .
1702 1283 1727 1289 ..

969 1294 1093 1321 faventes
1114 1294 1221 1320 Oresten
1239 1295 1394 1320 absolutum.

936 1328 1064 1361 excito]
1084 1329 1152 1354 Mer.
1164 1331 1232 1361 poet.
1250 1333 1280 1355 70
1292 1329 1408 1355 residem
1429 1349 1433 1355 .
1449 1350 1472 1355 ..
1494 1330 1605 1357 excitat.
1642 1331 1728 1357 Drac.

969 1366 991 1394 2,
1008 1366 1054 1389 702
1073 1363 1114 1388 ira
1132 1363 1249 1389 furorem
1270 1363 1381 1389 excitat.
1424 1363 1467 1390 Or.
1483 1368 1513 1390 17
1529 1373 1610 1397 quem
1624 1386 1629 1391 .
1641 1385 1663 1391 ..
1677 1375 1728 1398 pu-

969 1397 1019 1422 dor
1032 1397 1143 1423 excitat.
1169 1401 1218 1423 606
1231 1398 1334 1423 excitet
1347 1398 1490 1430 ingenium
1504 1399 1599 1425 virtus.
1624 1407 1701 1426 meus.
1712 1404 1728 1426 6

970 1432 1072 1457 excitet
1091 1433 1122 1458 ut
1141 1433 1245 1457 turmas
1264 1433 1358 1458 mensis
1378 1433 1503 1458 Manius.

935 1466 1102 1499 exclamo]
1124 1466 1168 1492 Or.
1183 1469 1232 1492 137
1249 1466 1464 1499 Clytaemestrae
1549 1467 1658 1501 longius
1682 1475 1727 1493 ex-

969 1500 1070 1526 clamat
1092 1500 1250 1527 Cassandra.
1294 1501 1373 1526 VIII
1384 1505 1433 1527 189
1457 1501 1566 1527 invidus
1593 1503 1663 1528 alter
1682 1510 1729 1528 ex-

969 1534 1078 1560 clamat.

934 1569 1087 1603 excludo]
1109 1569 1197 1594 X176
1217 1569 1339 1595 excludit
1358 1570 1511 1603 flammiger
1525 1570 1606 1595 Amor
1617 1570 1727 1597 imbres.

970 1602 1014 1630 O'r.
1036 1607 1086 1630 883
1112 1603 1238 1629 omnibus
1266 1604 1383 1630 exclusis
1410 1607 1503 1630 secrete
1530 1605 1656 1637 loquitur.
1696 1605 1727 1636 cf.

968 1640 991 1668 3,
1005 1641 1052 1664 666
1071 1638 1184 1664 exclude
1207 1637 1232 1663 C.

934 1672 1083 1705 excurro]
1102 1676 1123 1705 1,
1136 1676 1185 1698 594
1198 1672 1324 1698 faucibus
1338 1680 1480 1698 excurrens
1494 1672 1517 1698 it
1530 1672 1643 1698 naribus
1661 1681 1729 1699 aura

968 1715 1096 1732 vicissim.

934 1748 971 1766 ex
981 1749 1079 1766 cursu
1089 1741 1110 1774 s]
1133 1741 1201 1766 Mer.
1208 1748 1279 1773 pros.
1294 1746 1307 1766 1
1317 1741 1344 1766 B
1354 1745 1369 1766 6
1383 1741 1506 1766 excursui
1521 1741 1636 1775 (aptior)
1650 1741 1726 1767 Iocus.

935 1775 1122 1808 excusatio]
1142 1779 1165 1808 2,
1179 1778 1226 1801 276
1244 1776 1314 1801 forte
1333 1775 1369 1801 sit
1389 1777 1416 1801 et
1434 1775 1512 1801 nobis
1532 1776 1598 1802 haec
1617 1784 1726 1801 excusa-

969 1810 1008 1835 tio
1028 1812 1111 1836 certa.

935 1844 1070 1877 excuso]
1090 1844 1337 1876 111er.poet.1n-aetl
1357 1843 1379 1869 si
1403 1843 1446 1869 hic
1470 1843 1580 1869 litterae
1599 1852 1728 1870 excusan-

968 1878 1101 1904 dae'sunt.
1127 1878 1200 1910 Euy.
1210 1878 1268 1904 heae.
1280 1881 1330 1903 418
1343 1886 1403 1903 reus
1417 1879 1529 1903 excusat
1541 1878 1612 1910 (acc-
1624 1878 1727 1911 Diua).

934 1913 1092 1946 excutio]
1114 1918 1134 1945 1,
1148 1915 1200 1938 387
1217 1913 1355 1938 excutitur
1368 1920 1462 1938 somno
1477 1912 1591 1938 iuvenis.
1616 1915 1665 1938 snt.
1680 1916 1727 1939 138

967 1947 1004 1972 leo
1016 1947 1156 1980 unguibus
1170 1947 1289 1972 excussis
1307 1947 1340 1978 cf.
1359 1946 1431 1979 Very.
1445 1946 1513 1972 Aen.
1528 1950 1565 1979 12,
1579 1950 1597 1972 7.
1624 1947 1681 1972 VII
1694 1950 1727 1973 89

967 1981 1044 2007 favor
1068 1990 1195 2007 excussus
1221 1981 1318 2007 caveis.
1360 1981 1494 2007 711Ι420
1512 1982 1601 2006 metus
1621 1981 1726 2007 excutit

968 2036 972 2041 .
989 2036 993 2042 .
1008 2036 1012 2041 .
1030 2016 1120 2042 corda.
1163 2015 1237 2041 VIII
1250 2019 1298 2041 510
1316 2015 1416 2049 quibus
1436 2024 1563 2041 excussus
1583 2016 1672 2041 ventis
1690 2015 1726 2041 ad

966 2050 1049 2076 litora
1072 2050 1154 2083 Cypri
1181 2050 1295 2076 venerit.
1335 2050 1407 2076 Χ98
1433 2050 1551 2076 excussit
1577 2058 1624 2083 per
1643 2050 1726 2076 inane

967 2086 1059 2118 caput.
1105 2085 1135 2110 X
1154 2088 1205 2110 100
1228 2084 1301 2117 ignis
1327 2084 1470 2118 plausibus
1495 2093 1622 2110 excussus
1647 2084 1725 2117 pueri

965 2119 1078 2144 Amoris.
1117 2119 1201 2144 X151
1221 2119 1404 2151 dominaeque
1423 2118 1502 2151 (dat.)
1520 2118 1629 2144 favillas
1649 2127 1726 2144 excu-

965 2153 1034 2178 tiam
1053 2161 1099 2186 eyo
1117 2154 1209 2179 Amor.

932 2187 1013 2213 exed
1021 2187 1045 2221 ο]
1072 2192 1092 2219 1,
1114 2191 1163 2214 504
1187 2187 1286 2221 rubigo
1314 2187 1404 2213 latens
1432 2195 1503 2220 quae
1531 2186 1635 2212 viscera
1661 2186 1725 2212 ferri

966 2222 1072 2248 exedat.
1108 2224 1143 2256 cs.
1156 2222 1205 2247 sub
1224 2222 1282 2248 edo.

932 2256 1116 2290 exemplar]
1136 2256 1202 2282 Mer.
1212 2263 1283 2288 pros.
1300 2256 1351 2281 2A
1362 2259 1394 2281 20
1412 2263 1461 2281 nec
1474 2255 1561 2280 ullum
1576 2255 1648 2288 quod
1667 2255 1726 2281 imi-

965 2290 1018 2316 tari
1038 2290 1106 2316 velis
1126 2291 1266 2324 exemplar
1285 2292 1362 2316 extra
1381 2291 1409 2316 te
1428 2289 1545 2322 quaeris,

931 2325 1130 2358 exemplum]
1151 2328 1174 2355 3,
1190 2328 1238 2351 324
1262 2324 1368 2358 optima
1391 2332 1454 2349 nani
1474 2323 1574 2349 vindex
1600 2323 1726 2357 exempla

965 2367 997 2385 ao
1016 2359 1135 2393 pessima
1154 2359 1262 2385 Brutus.
1300 2362 1323 2390 3,
1336 2363 1367 2385 54
1379 2361 1402 2384 et
1415 2362 1459 2384 101
1478 2366 1499 2384 ν.
1518 2358 1565 2383 sub
1584 2358 1694 2396 doceo.-

931 2394 1022 2426 exeo]
1043 2394 1193 2426 Mer.1n·os.
1208 2394 1297 2419 2Β12
1320 2401 1417 2418 manus
1441 2392 1570 2418 universa.
1589 2412 1594 2417 .
1608 2412 1612 2417 .
1627 2412 1633 2417 .
1653 2400 1725 2418 exie-

965 2430 1023 2454 rat.
1035 2448 1040 2454 .
1050 2448 1056 2453 .
1067 2428 1239 2462 populatum.
1265 2428 1348 2453 Drac.
1360 2432 1380 2458 1,
1390 2430 1423 2452 64
1433 2427 1536 2460 spumis
1547 2426 1724 2452 rubicundior

966 2462 1060 2488 alveus
1080 2462 1137 2488 exit
1154 2462 1171 2487 i.
1187 2462 1280 2488 evadit.
1318 2461 1367 2488 IX
1377 2465 1419 2487 151
1439 2461 1512 2486 exiet
1525 2460 1723 2486 Andromache.

932 2496 1091 2530 exerceo]
1117 2496 1187 2523 Mer.
1196 2504 1268 2529 pros.
1284 2497 1378 2522 2Α18
1402 2495 1516 2529 ingenia
1539 2496 1631 2521 nostra
1650 2502 1724 2520 exer-

965 2539 1064 2557 cemus.
1109 2531 1191 2557 Drac.
1215 2531 1251 2556 II
1268 2534 1313 2556 122
1340 2530 1441 2556 Pluton
1471 2531 1579 2556 exercet
1605 2537 1722 2555 amorem.

967 2565 1046 2590 VIII
1062 2568 1111 2591 322
1141 2567 1248 2591 exercet
1279 2565 1307 2590 in
1338 2572 1413 2590 arma
1444 2564 1573 2590 biformes
1603 2564 1723 2589 Achilles.

966 2599 1016 2625 IX
1026 2602 1059 2625 88
1077 2599 1128 2626 hoc
1148 2601 1247 2626 cuncta
1260 2599 1404 2633 sepulchra
1421 2600 1548 2624 exercent
1566 2598 1583 2624 i.
1597 2598 1723 2632 efficiunt.

968 2633 1012 2660 Or.
1025 2637 1073 2659 294
1096 2634 1240 2660 exercebat
1266 2643 1334 2667 opus
1359 2633 1471 2659 iuvenes
1560 2632 1723 2666 palaestrae.

931 2668 1119 2702 exercitus]
1146 2673 1166 2701 1,
1182 2673 1211 2695 74
1235 2668 1315 2702 niger
1336 2667 1494 2693 umbrarum
1579 2667 1722 2692 exercitus.

968 2706 990 2733 2,
1006 2705 1055 2729 209
1073 2703 1189 2729 laudans
1203 2703 1339 2729 exercitus
1359 2702 1519 2735 awelorum,
1540 2709 1560 2726 r.
1574 2709 1593 2727 s.
1609 2709 1628 2727 r.
1647 2700 1722 2726 thro-

965 2745 1024 2763 nus.

931 2770 1108 2804 exhaurio]
1134 2771 1263 2797 7111564
1289 2770 1439 2796 exhaustus
1465 2777 1542 2795 cursu
1557 2768 1655 2808 ‘Paria
1679 2767 1724 2806 'X

965 2809 1012 2832 305
1036 2805 1176 2831 exhaustis
1201 2805 1256 2832 cod.
1298 2804 1342 2830 Or.
1362 2807 1411 2831 387
1437 2804 1563 2829 exhausti
1589 2810 1722 2836 sanguine

1484 2855 1517 2880 44
