2106 3061
750 159 1009 187 PANEGYRJCVS
1029 162 1053 187 ΙΙ
1682 168 1718 197 15

423 399 615 426 interciderunt
634 403 649 425 2
666 399 732 431 folia
751 399 767 425 i.
786 399 841 430 fere
860 403 906 425 110
925 407 1013 425 versus
1031 402 1055 425 et
1071 409 1097 433 p.
1117 403 1167 426 262
1183 401 1237 432 fere
1254 406 1269 427 4
1289 409 1377 428 versus
1548 414 1570 437 p.
1590 405 1640 430 262

1495 448 1567 472 initia
1585 457 1607 481 p.
1627 448 1689 479 267:

332 451 351 483 ‘.
369 477 376 485 .
394 477 400 483 .
419 455 451 484 et
473 451 618 494 placidus
643 452 703 483 sub
731 462 809 493 pace
833 451 946 493 pudor.
992 463 1055 483 non
1078 453 1202 494 proelia
1225 454 1365 493 mandet,

1462 499 1513 515 11οη
1530 492 1589 516 hene
1602 491 1719 523 leytmlur

417 504 473 536 sed
497 507 589 546 gerat
613 506 646 535 ct
668 503 781 546 priscis
805 503 964 535 instauret
988 504 1053 535 fata
1077 505 1259 546 triumphis,

333 569 370 588 100
414 567 510 598 quem
535 566 599 587 non
622 555 744 598 praeda
767 555 886 587 docens
910 556 1044 596 aurique
1069 556 1182 587 insana
1206 556 1322 598 cupido

418 610 513 649 cogat
536 608 740 639 inexhaustis
765 607 906 639 animum
930 608 1118 649 permittere
1143 608 1239 648 curis,

419 659 476 692 sed
500 660 575 691 ferri
599 659 778 691 laudandus
802 670 891 691 amor
913 659 1063 701 Latiique
1088 660 1210 691 crucris

416 711 564 743 indocilis
588 711 772 753 iugulisque
796 711 930 743 madens
954 711 1125 742 hostilibus
1151 712 1238 743 ensis

416 763 606 795 indomitum
630 763 805 805 mitemque
830 761 965 804 probet'.
1011 774 1071 794 nec
1095 766 1171 794 vota
1194 763 1354 795 cadebant

331 828 367 847 105
411 816 444 847 in
467 816 600 847 dubium
623 818 800 857 notumque
824 815 884 846 fuit
907 825 1003 856 quem
1026 818 1175 856 posceret
1199 815 1310 847 Orbis:

416 867 548 898 Aetium
573 866 761 898 coniunctus
785 877 874 898 amor
896 866 1072 908 populique
1096 869 1286 908 patrumque

416 922 449 950 et
472 929 642 961 procerum
666 929 757 950 mens
783 918 885 949 omnis
910 918 1017 950 habet.
1064 928 1123 949 nec
1148 918 1256 950 dicere
1280 922 1438 959 mussant,

416 970 471 1001 sed
495 970 619 1012 petiere
642 970 759 1012 palam.
806 969 870 1000 iam
894 969 978 1011 quod
1002 970 1164 1001 sententia
1186 970 1297 1001 mundi

417 1025 670 1063 cunctorumque
694 1021 775 1053 fides
799 1021 896 1053 nullis
920 1021 1104 1053 auctoribus
1129 1021 1239 1062 ambit,

329 1085 365 1104 no
409 1073 491 1104 Fata
514 1073 640 1105 iubent:
666 1072 779 1104 aderat
803 1072 916 1104 studiis
940 1073 1083 1114 iuvitque
1107 1073 1250 1104 favorem

414 1127 492 1156 nota
514 1125 574 1155 viri
600 1125 699 1156 virtus
724 1127 757 1156 et
781 1124 889 1166 magni
912 1124 1016 1166 gloria
1039 1124 1150 1166 patris.

414 1186 488 1208 nam
512 1177 597 1207 claro
621 1176 766 1217 genitore
791 1179 880 1207 satus
904 1194 945 1198 —
970 1176 1027 1208 sed
1050 1176 1134 1208 forte
1157 1179 1325 1219 parentem

415 1228 571 1260 caedibus
596 1228 724 1260 Arctois
749 1230 782 1260 et
805 1228 890 1259 iusta
912 1231 997 1260 sorte
1020 1229 1158 1270 potitum

415 1279 551 1312 callidus
576 1283 609 1311 et
633 1279 712 1311 falsa
735 1282 841 1311 tectus
865 1290 962 1321 prece
986 1280 1124 1321 perculit
1148 1280 1235 1311 ensis

328 1345 365 1364 115
409 1334 587 1364 mercatum
611 1331 678 1362 vita
700 1331 757 1362 leti
780 1331 898 1363 decus:
921 1331 1000 1362 haut
1023 1342 1117 1363 secus
1142 1331 1218 1362 olim

413 1393 579 1426 pugnaces
603 1382 697 1414 Fabii
721 1383 826 1425 patria
849 1393 907 1425 pro
931 1386 1029 1425 gente
1054 1383 1214 1415 cadebant

415 1437 447 1466 et
469 1434 600 1474 Decius,
624 1444 760 1476 propero
783 1435 889 1466 lucem
913 1434 968 1477 qui
991 1435 1052 1466 fine
1076 1434 1203 1473 refudit,

414 1486 471 1518 sed
495 1486 614 1517 famam
637 1487 706 1517 sine
730 1486 793 1518 fine
816 1489 916 1526 tenet,
940 1497 1014 1518 nam
1037 1487 1150 1518 mortis
1174 1496 1317 1517 amorem

412 1540 528 1579 pensat
550 1537 653 1569 laudis
676 1537 778 1569 honor
801 1555 842 1560 —-
866 1538 947 1569 tanti
971 1538 1033 1569 sibi
1058 1537 1206 1569 conscius
1229 1537 1326 1568 heros

328 1601 365 1620 120
411 1589 577 1631 sanguinis
602 1589 771 1621 emeritum
795 1589 1036 1632 praestantibus
1060 1589 1192 1620 innovat
1215 1588 1296 1620 actis

176 1737 209 1762 99
227 1738 337 1762 triumfis
426 1736 475 1762 100
492 1736 592 1761 insania
611 1736 630 1768 (i
647 1736 740 1767 deleta)
811 1737 905 1770 praeda
924 1745 1018 1762 nocens
1037 1737 1161 1761 Heinrich
1250 1735 1297 1761 101
1317 1736 1403 1762 cursus
1490 1735 1538 1762 104
1557 1728 1681 1762 cedebant

71 1781 202 1808 cadebant.
222 1781 355 1806 indubium
374 1780 458 1804 minus
474 1780 615 1820 profabilis
634 1780 759 1805 distinctio
830 1779 878 1805 107
898 1781 979 1805 omnis
997 1784 1055 1805 avet
1073 1781 1198 1806 Heinrich
1269 1779 1318 1805 108
1337 1771 1478 1812 iefipei‘iere
1496 1781 1531 1806 εἰσ
1549 1781 1618 1806 clare
1637 1781 1715 1806 coclea:

105 1814 186 1849 seiitnia
290 1823 341 1848 110
357 1823 573 1856 studnst'lauuatq·

173 1959 207 1987 98
225 1960 303 1986 verba
321 1959 386 1993 facit
404 1959 512 1993 quidam
530 1962 593 1986 ante
613 1968 676 1986 aras
694 1960 733 1986 vel
751 1960 787 1985 ad
804 1960 871 1986 cives
942 1960 1035 1986 Sidon.
1054 1968 1132 1987 carm
1148 1963 1169 1991 2,
1180 1963 1229 1987 383
1248 1961 1370 1986 veterum
1394 1959 1441 1993 qui
1468 1968 1542 1986 more
1567 1962 1714 1994 parentum

70 2021 124 2038 non
143 2012 257 2038 mandet
275 2011 322 2038 sed
340 2011 415 2038 bella
433 2013 513 2046 gerat
619 2012 667 2039 107
687 2012 761 2046 Verq.
776 2013 844 2038 Aen.
865 2016 957 2045 11‚345
975 2012 1022 2039 sed
1040 2012 1130 2039 dicere
1150 2013 1282 2038 mussant,
1302 2011 1368 2038 Stat.
1391 2011 1467 2037 Theb.
1490 2015 1513 2044 3,
1532 2015 1565 2038 92
1583 2020 1713 2038 excussae

71 2072 213 2097 procerum
233 2065 338 2090 mentes
351 2063 519 2098 turbataque
538 2065 663 2090 mussant
676 2063 793 2090 concilia
907 2064 953 2090 111
980 2064 1055 2098 Vcry.
1069 2064 1138 2090 Aen.
1152 2068 1175 2097 4,
1189 2067 1204 2091 3
1222 2064 1311 2090 multa
1324 2064 1375 2091 viri
1389 2064 1476 2091 virtus
1495 2063 1585 2090 animo
1599 2064 1713 2090 multus-

72 2124 124 2148 que
142 2116 265 2142 recursat
287 2114 378 2149 gentis
397 2115 484 2142 honos
590 2115 638 2141 112
663 2114 758 2142 Cho-on.
783 2115 852 2142 Gall.
875 2115 963 2142 chron.
978 2116 1031 2149 Ip.
1052 2120 1113 2149 658,
1130 2120 1179 2143 100
1201 2115 1339 2143 Gaudenti
1364 2116 1472 2143 comitis
1494 2125 1511 2142 a
1530 2115 1665 2142 militibus
1684 2115 1712 2141 in

71 2166 164 2193 Gallia
183 2166 266 2193 occisi
