2106 3061
652 170 819 197 CARMINA
838 171 1113 199 LXXXVII—XCVI
1638 182 1698 211 267

64 320 143 364 (53)
582 319 657 355 XC.
699 319 954 356 DISTICHON
981 322 1232 359 DIVERSVM.

453 393 570 424 Divina
593 394 721 425 bonitas
745 405 786 425 ne
810 395 943 433 saeviat,
968 396 1072 426 exerit
1095 397 1173 428 iram

452 445 567 487 hicque
591 446 642 487 pie
667 447 797 486 cruciat,
821 458 861 478 ne
886 448 1119 489 perpetualiter
1143 452 1224 481 urat.

62 594 141 638 (54)
664 593 756 629 XCI.
797 594 910 629 ITEM
942 595 1096 631 ALIVD.

453 667 597 709 Quisque
622 667 704 700 bene
728 669 868 709 loquitur
892 672 924 700 et
949 669 1013 700 vita
1037 680 1155 711 pravus
1178 670 1325 706 habetur,

451 719 536 750 hunc
561 729 619 750 sua
636 720 736 751 verba
752 719 854 761 ligant
877 723 910 751 et
933 731 995 751 vox
1014 731 1141 762 quoque
1159 723 1285 763 propria
1302 722 1442 753 damnat.

58 870 137 915 (55)
651 867 760 904 XCII.
803 868 916 904 ITEM
942 869 1099 905 ALIVD.

451 940 578 981 Omnia,
603 952 685 983 quae
709 945 856 974 metuunt
880 943 1036 982 homines,
1061 943 1141 974 haec
1166 944 1226 975 rite
1251 947 1421 977 caventur:

450 1003 588 1035 namque
613 993 709 1025 deum
734 998 881 1026 metuens
906 998 978 1037 post
1001 994 1106 1036 ipsum
1131 996 1230 1027 currit
1252 996 1292 1026 ab
1317 996 1396 1037 ipso.

58 1146 137 1190 (56)
670 1144 794 1180 XCIII.
836 1143 950 1179 ITEM
979 1144 1135 1180 ALIVD.

448 1217 628 1260 Virginitas
652 1220 755 1250 carnis
780 1219 900 1251 intacto
924 1230 1055 1262 corpore
1079 1220 1229 1259 habetur,

448 1272 616 1313 virginitas
641 1272 767 1303 animae
791 1271 863 1303 fidei
888 1272 1075 1313 integritate
1100 1275 1238 1303 tenetur.

56 1423 135 1466 (57)
548 1421 672 1458 XCIV.
713 1422 826 1457 ITEM
854 1421 1208 1457 MONOSTICHON.

448 1497 552 1528 Recta
575 1497 655 1528 fides
681 1508 813 1529 sensum
839 1497 960 1539 pandit,
985 1507 1046 1527 non
1072 1496 1206 1528 credere
1232 1495 1361 1527 claudit.

56 1645 134 1688 (58)
593 1645 701 1682 XCV.
744 1646 856 1681 ITEM
884 1644 1151 1681 DISTICHON.

448 1720 534 1751 Mors
558 1721 661 1762 prima
684 1721 776 1762 pellit
800 1721 951 1759 animam,
977 1720 1120 1751 secunda
1143 1721 1295 1755 retentat,

448 1775 483 1803 ut
506 1772 620 1803 nolens
645 1772 762 1803 subeat
786 1772 935 1803 meritam
960 1772 998 1803 de
1022 1782 1153 1813 corpore
1179 1781 1325 1812 poenam.

56 1919 233 1964 (XXVIII)
367 1919 493 1956 XCVI.
533 1920 716 1955 VERSVS
744 1920 804 1955 DE
831 1919 1136 1955 TEMPORIBVS
1163 1917 1409 1953 ANNORVM.

446 1995 596 2037 Quinque
620 1995 717 2026 trahit
741 1996 873 2027 volvens
898 2006 1052 2026 annorum
1077 1998 1223 2035 tempora
1247 1994 1392 2032 lustrum,

446 2050 596 2089 quattuor
620 2057 659 2078 ex
683 2047 776 2078 annis
801 2058 953 2078 numerus
979 2047 1087 2077 finitur
1111 2045 1251 2087 Olympi,

444 2109 519 2130 narn
542 2099 644 2130 tribus
670 2099 800 2141 inpletis
825 2099 993 2130 trieterida
1017 2099 1142 2130 solvere
1166 2108 1236 2129 mos
1261 2101 1322 2129 est.

155 2204 226 2239 [XC]
271 2205 305 2229 M
380 2204 393 2229 1
413 2213 445 2229 ne
464 2205 537 2229 feriat
555 2204 612 2229 edd.

154 2255 242 2290 [XCI]
269 2256 299 2281 M
376 2255 392 2280 2
411 2256 512 2288 lingant
530 2256 563 2280 M

155 2309 258 2344 [XCII]
296 2309 328 2332 M
406 2307 419 2333 1
439 2312 538 2334 metunt
557 2308 589 2332 M
671 2307 688 2333 ⁴2
706 2312 791 2333 currat
810 2308 843 2332 M

155 2360 272 2395 [XCIII]
302 2361 334 2385 Ill
409 2360 423 2386 1
442 2361 520 2386 animi
539 2361 596 2387 edd.

154 2412 264 2447 [XCIV]
302 2413 335 2438 M
412 2413 480 2439 Idem
499 2423 566 2440 corr.
586 2415 612 2439 in
631 2415 694 2439 Item
714 2414 747 2438 M

153 2465 247 2499 [XCV]
297 2467 330 2491 M
361 2480 394 2484 —

154 2517 263 2552 [XCVI]
302 2519 382 2543 MFP
449 2528 540 2545 versus
559 2528 606 2545 om.
622 2519 646 2543 P
714 2518 821 2551 tempori
840 2517 868 2541 F
947 2516 959 2541 1
980 2518 1114 2548 Quamque
1134 2515 1166 2540 ΔΙ
1249 2514 1265 2540 3
1284 2514 1430 2540 trietherida
1450 2514 1486 2544 Μ,
1505 2513 1639 2538 triecheria
1659 2512 1690 2543 F,

51 2562 162 2588 trieteria
181 2562 211 2592 P,
230 2563 372 2588 Trieterica
390 2563 448 2589 edd.

152 2674 224 2709 [XC]
260 2675 294 2708 cf.
307 2674 343 2701 ad
360 2675 443 2701 Drac.
456 2674 530 2701 laud.
545 2674 569 2700 cl.
584 2679 605 2707 1,
619 2678 653 2700 29

154 2735 275 2769 [XCIII]
330 2736 445 2769 Prosper
471 2735 550 2769 epiqr.
571 2739 600 2762 76
618 2735 707 2762 carnis
726 2734 872 2768 virginitas
899 2734 1007 2760 intacto
1035 2740 1147 2766 corpore
1176 2731 1307 2762 habetur,
1336 2728 1482 2762 virginitas
1511 2726 1619 2753 animae
1648 2728 1689 2752 est

52 2786 216 2814 intemerata
235 2787 300 2814 fides

1437 2832 1485 2857 :34²³
