2106 3061
702 157 853 184 EVGENII
890 158 1123 185 SATISFACTIO
1672 167 1728 195 115

764 575 903 616 Eugyon&
925 576 1059 607 recensio

263 654 439 699 gxxzfflssffgffi
503 653 578 685 Rex
602 657 734 685 aeterne
760 652 850 691 deus,
874 655 985 683 auctor
1009 655 1176 694 rectorque
1202 664 1345 693 serenus,

316 706 375 730 ptem·
548 716 642 747 quem
667 705 775 736 tremit
799 715 892 735 omnc
917 705 1028 744 solum,
1054 705 1107 746 qui
1130 705 1215 746 regis
1240 706 1313 746 igne
1336 707 1455 748 polum,

500 757 605 788 sidera
629 757 758 787 flamma
781 756 851 787 dies
875 766 970 797 quem
995 756 1043 787 sol
1067 767 1132 787 nox
1155 757 1231 787 luna
1255 757 1396 788 fatentur

473 824 485 842 4
546 812 721 847 auctorem,
746 807 910 838 dominum
934 807 1066 838 saecula
1090 811 1206 839 cuncta
1229 809 1376 850 probant,

382 869 398 894 5
475 876 485 894 7
505 861 612 891 omnia
634 862 830 901 permutans,
855 859 943 890 nullo
968 859 1130 891 mutabilis
1156 870 1249 896 aem,

545 912 679 953 posthac
703 921 831 952 semper
856 911 927 950 eris,
952 911 1006 952 qui
1031 922 1065 942 es
1090 911 1184 942 modo
1208 912 1260 943 vel
1285 912 1394 951 fueris,

502 964 546 994 nil
570 963 659 994 addit
682 962 844 1004 demitque
869 963 927 993 tibi
952 966 1016 993 tam
1040 963 1137 1003 longa
1162 966 1324 994 vetustas:

464 1030 487 1049 10
550 1015 657 1046 onmia
681 1018 808 1056 tempus
833 1014 963 1053 habent,
987 1025 1060 1045 nam
1084 1014 1143 1045 tibi
1167 1018 1295 1056 tempus
1321 1015 1426 1049 abest;

502 1070 536 1097 tu
559 1069 685 1097 mentes
709 1066 874 1097 hominum
899 1066 1029 1107 quasvis
1054 1076 1112 1107 per
1136 1066 1263 1107 singula
1288 1066 1379 1098 ducis

367 1127 399 1153 10
545 1118 738 1159 effingisque
762 1117 855 1149 bonis
880 1117 1019 1148 candida
1043 1117 1140 1148 corda
1163 1118 1249 1157 viris,

505 1170 559 1211 qui
581 1170 663 1200 facis
687 1170 786 1200 iratus
810 1169 957 1200 homines
983 1170 1143 1200 contraria
1167 1169 1250 1201 velle

546 1222 769 1263 propitiusque
794 1221 886 1252 iubes
910 1224 945 1251 ut
970 1221 1056 1252 bona
1081 1224 1196 1252 cuncta
1220 1224 1343 1262 gerant.

462 1289 485 1307 15
505 1273 655 1314 quicquid
672 1275 773 1314 agunt
789 1273 949 1312 homines,
966 1273 1051 1304 bona
1069 1283 1225 1314 prospera
1242 1276 1353 1304 sancta
1370 1273 1527 1313 modesta,

451 1348 484 1351 -
545 1328 577 1355 te
601 1324 741 1356 faciente
765 1325 855 1363 fiunt⁷
880 1335 941 1365 quo
966 1325 1051 1355 bona
1076 1328 1191 1355 cuncta
1215 1324 1304 1355 fiunt.

368 1384 399 1410 15
452 1399 484 1403 -
505 1379 636 1407 econtra
660 1376 797 1408 adversa
820 1376 978 1418 probrosa
1001 1377 1144 1417 maligna
1167 1376 1340 1408 inhonesta

452 1451 484 1454 —
546 1431 581 1459 tu
605 1428 673 1459 fieri
697 1428 828 1470 pateris,
854 1429 907 1469 qui
930 1428 1016 1459 mala
1040 1428 1128 1458 nulla
1151 1428 1241 1460 facis.

461 1496 485 1514 17
504 1480 584 1511 haec
608 1483 664 1511 tua
686 1480 740 1511 lex
764 1480 873 1510 docuit
896 1479 1010 1521 Moyse
1034 1480 1232 1521 praescripta
1255 1483 1399 1519 notante,

548 1542 619 1563 cum
643 1531 851 1573 perduratum
875 1541 928 1562 cor
954 1531 1131 1562 Pharaonis
1155 1531 1209 1562 ait.

504 1584 549 1614 sic
572 1593 645 1615 mea
669 1583 775 1621 corda,
799 1582 891 1622 deus,
916 1583 1028 1624 lingua
1051 1585 1199 1624 patrante
1224 1586 1350 1614 reatum

367 1644 400 1671 20
456 1651 481 1670 ρο
542 1635 639 1666 noxia
663 1635 757 1676 culpa
780 1635 884 1675 ligans
908 1635 1008 1665 traxit
1032 1634 1073 1665 ad
1096 1634 1226 1673 inlicita,

461 1701 485 1721 21
504 1690 548 1727 ut,
573 1687 626 1728 qui
649 1686 735 1717 facta
758 1686 875 1717 ducum
900 1696 1027 1728 possem
1050 1696 1181 1717 narrare
1206 1696 1361 1726 meorum,

411 1753 443 1773 23.
462 1754 487 1772 24
548 1738 633 1770 unde
656 1738 735 1769 mihi
758 1741 893 1779 possent
917 1737 1000 1769 dona
1023 1738 1132 1769 venire
1158 1737 1261 1778 simul,

462 1806 485 1825 25
506 1790 650 1832 praemia
674 1789 877 1831 despicerem
901 1789 1006 1820 tacitis
1031 1792 1079 1820 tot
1103 1789 1233 1830 regibus
1258 1789 1350 1820 almis

549 1844 581 1873 et
603 1844 750 1884 peterem
775 1841 880 1872 subito
906 1844 994 1872 certa
1017 1841 1139 1882 pericla
1162 1841 1269 1872 miser.

367 1903 401 1929 25
506 1904 579 1935 quo,
602 1893 664 1927 nisi
688 1893 836 1924 caelestis
861 1892 982 1923 domini
1007 1895 1182 1934 conceptus
1207 1893 1246 1924 ab
1272 1892 1385 1924 aethra

549 1955 665 1987 aspera
689 1947 805 1976 cuncta
828 1947 962 1986 premat⁷
987 1955 1142 1986 prospera
1164 1944 1253 1975 nulla
1276 1944 1396 1975 iuvant.

198 2085 278 2110 MFP
347 2084 361 2109 1
380 2093 484 2110 serenus
503 2092 578 2116 quem
596 2084 680 2109 tremit
702 2092 775 2109 omne
796 2083 798 2115 Ι
821 2084 907 2109 Solum
927 2083 955 2107 F
1021 2082 1037 2107 2
1056 2081 1192 2114 polor(u1m
1212 2082 1246 2106 M
1311 2081 1327 2106 3
1340 2082 1433 2106 fatetur
1452 2080 1481 2104 M
1549 2078 1565 2104 4
1585 2080 1738 2112 proprobant

96 2128 149 2161 (pro
164 2129 267 2161 priores
285 2128 384 2159 erasae)
403 2128 431 2152 F
517 2127 533 2152 6
551 2128 660 2152 Posthac
678 2128 740 2159 (Μ),
758 2129 819 2152 Post
837 2128 902 2152 haec
921 2126 975 2158 (F),
995 2127 1085 2151 Noster
1104 2125 1128 2149 P
1215 2124 1228 2148 7
1247 2125 1289 2149 Nil
1308 2125 1377 2149 addit
1395 2124 1522 2155 demitque
1542 2123 1578 2152 ill,
1602 2123 1642 2147 Nil
1660 2122 1737 2153 s'f's'fft

97 2171 198 2203 demitq.
212 2170 279 2203 (post
294 2172 335 2197 Nil
349 2171 446 2203 aliquot
458 2171 556 2196 litterae
570 2170 705 2199 evanidam
723 2170 749 2194 ῖη
762 2171 840 2194 demit
853 2178 919 2194 corr.
933 2178 946 2194 e
960 2169 986 2193 ῐιι
999 2169 1018 2200 i)
1034 2168 1064 2198 F,
1079 2169 1120 2193 Nil
1133 2170 1230 2193 confert
1242 2168 1380 2199 adimitque
1394 2167 1418 2190 P
1493 2165 1508 2190 9
1521 2166 1639 2198 quamuis
1653 2165 1737 2196 (ΜΗ),

96 2215 201 2247 quasuis
224 2212 271 2246 (F)
367 2214 399 2239 lO
421 2222 469 2239 om.
489 2213 522 2237 DI
596 2213 726 2245 ecfingisq.
746 2213 787 2238 F¹
876 2212 906 2237 11
927 2213 1005 2236 iratos
1024 2212 1057 2235 JI
1122 2212 1217 2235 homini
1236 2210 1285 2235 FP
1354 2210 1418 2235 velle
1437 2209 1530 2240 Drac.‚
1556 2209 1623 2234 bella
1642 2208 1737 2232 Illl’lv'²

97 2257 175 2287 (uella
194 2257 246 2289 F1)
329 2256 361 2282 12
379 2248 453 2289 regfxt
472 2257 508 2287 M,
527 2260 600 2289 gerat
617 2256 667 2281 FP
736 2255 767 2280 14
787 2256 813 2280 ῖιι
825 2257 880 2288 fine
899 2256 963 2280 fiant
977 2255 1016 2279 F¹
1091 2253 1121 2279 17
1142 2243 1209 2278 mose
1223 2253 1251 2277 F
1324 2252 1356 2277 19
1375 2254 1400 2277 Si
1420 2262 1458 2277 me
1478 2253 1553 2277 corda
1567 2252 1603 2280 M,
1623 2252 1663 2275 Sic
1683 2259 1738 2275 mea

97 2300 185 2332 lingua
197 2300 248 2324 FP
315 2299 349 2325 20
367 2300 431 2325 inter
450 2300 527 2333 eulpa
545 2304 568 2325 et
585 2300 667 2332 ligans
681 2299 790 2331 spatium
803 2301 818 2323 6
837 2299 979 2323 litterarwn
994 2298 1026 2321 j]
1092 2298 1124 2322 ad
1143 2298 1229 2322 inclita
1242 2297 1267 2321 I’
1336 2295 1368 2320 ⁸21
1386 2304 1498 2320 meorum
1512 2295 1549 2326 M,
1568 2299 1668 2319 tuorum
1682 2294 1736 2325 (F),

97 2352 196 2368 reorum
216 2343 240 2368 P
323 2342 357 2368 23
376 2344 450 2368 tactis
469 2343 502 2367 M
584 2341 618 2368 25
637 2347 774 2376 conceptus
794 2343 825 2367 ab
845 2343 918 2367 ethra
936 2341 977 2373 M,
999 2344 1149 2374 conspectus
1168 2341 1200 2365 ad
1220 2340 1320 2375 (jthrum
1339 2338 1401 2369 (διν-Ξ.
1420 2339 1452 2367 Ρ)
1474 2337 1523 2362 FP

1485 2767 1531 2794 15*
