2106 3061
756 178 939 205 APPENDIX
961 179 1097 205 XII-XX

1685 187 1699 214 Ιν

1704 186 1732 214 :1

1733 198 1741 214 υ

111 278 189 321 (76)
668 276 778 311 XVII.
820 276 879 310 DE
908 276 1187 313 CLEMENTIA.

498 340 622 372 Luceat
646 342 678 371 in
701 345 809 372 vestro
835 353 964 384 semper
988 343 1158 373 clementia
1182 344 1272 374 vultu

498 392 677 424 laetificans
701 398 825 424 vestros
848 404 906 435 per
930 398 1044 425 cuncta
1067 395 1190 435 paiatist
1214 405 1334 425 servos.

497 444 616 475 imbres
641 445 786 476 laetitiae
810 446 897 486 regis
922 446 1094 476 clementia
1117 446 1238 483 fundat,

496 495 634 527 dulciter
656 500 692 527 ut
716 497 852 538 populus
877 497 984 527 valcat
1008 497 1160 527 laetarier
1184 498 1297 532 omnis,

445 555 460 579 5
496 546 613 578 viderit
640 551 674 578 ut
699 548 821 578 vultum
847 549 931 588 regis
957 549 1065 579 lucere
1091 559 1240 579 serenum

496 599 613 629 clarius
638 602 773 640 argento
798 600 975 640 fulgentem
1000 604 1031 630 ct
1055 601 1164 642 purius
1189 610 1275 630 auro.

106 704 184 747 (77)
682 703 811 739 XVIII.
852 704 912 739 DE
939 704 1166 740 CONSILIO.

496 769 621 810 Accipe
647 769 815 800 consilinm
839 770 948 800 multis
975 769 1013 800 de
1039 770 1186 801 cordibus
1210 782 1319 805 unum,

495 820 579 862 quod
603 821 661 851 tibi
686 821 861 862 disponens
886 821 984 852 faciat
1008 821 1157 852 discretio
1182 826 1320 863 gratum.

494 872 573 903 utile
599 872 768 903 consilium
793 873 877 913 regis
904 873 1071 903 confirmat
1095 873 1259 910 honorem,

493 924 592 954 totius
617 927 649 954 et
672 924 765 965 regni
790 924 869 955 fines
894 924 1037 955 defendit
1062 925 1101 955 ab
1127 925 1231 957 hoste.

495 975 558 1005 alto
583 975 715 1006 consilio
739 975 839 1006 debes
864 976 1035 1017 disponere
1061 987 1204 1017 regnum.

494 1037 566 1057 rex:
591 1027 648 1057 tibi
673 1028 879 1058 commissum
904 1038 1039 1069 regnum
1064 1039 1122 1069 per
1145 1028 1285 1070 compita
1309 1031 1421 1059 totum.

442 983 457 1008 CJY

101 1131 180 1175 (78)
581 1132 678 1169 XIX.
719 1131 779 1167 DE
807 1131 1058 1167 PHAESIDIO
1087 1133 1264 1169 DOMINI.

491 1199 659 1231 Praesidio
684 1199 802 1230 domini
827 1199 993 1230 firmantur
1017 1199 1150 1231 brachia
1174 1201 1271 1241 regis,

493 1252 561 1283 eius
586 1254 619 1282 et
641 1251 673 1282 in
698 1251 846 1282 manibus
871 1251 987 1281 victrix
1012 1251 1194 1282 servabitur
1217 1252 1322 1283 hasta.

491 1303 656 1345 praesidio
681 1303 801 1334 domini
825 1313 960 1344 regnum
985 1302 1170 1334 defenditur
1194 1314 1298 1337 omne,

492 1356 609 1386 crescit
633 1358 665 1386 et
689 1355 842 1386 eximium
866 1355 991 1396 pollens
1015 1355 1187 1385 virtutibus
1212 1358 1319 1386 annet.

439 1415 454 1441 5
491 1406 687 1448 praesidium
712 1406 832 1437 domini
857 1406 997 1437 custodit
1021 1406 1158 1448 denique
1184 1417 1303 1447 regem,

491 1469 509 1490 a
533 1459 641 1501 pravis
666 1469 794 1500 semper
817 1458 962 1489 defendit
987 1461 1019 1489 et
1042 1458 1189 1489 hostibus
1215 1459 1314 1489 illum.

99 1620 176 1664 (79)
738 1617 819 1653 XX.
863 1616 1097 1663 <ORATIO>.

490 1682 628 1714 Oremus
653 1683 775 1724 pariter
798 1686 864 1714 toto
893 1683 956 1725 (de)
985 1683 1079 1715 corde
1104 1688 1264 1726 rogantes.

489 1738 525 1766 ut
548 1735 606 1766 tibi
630 1735 790 1777 praesidio
819 1735 974 1766 caelestia
998 1737 1142 1777 porrigat
1166 1748 1255 1768 arma

492 1787 613 1818 arbiter
636 1787 850 1828 omnipotens,
874 1790 910 1818 ut
933 1788 1037 1828 possis
1063 1788 1188 1819 fortiter
1211 1789 1319 1820 hostes

491 1838 691 1870 debacchare
716 1842 786 1869 tuos
810 1839 886 1870 ferri
910 1839 949 1870 de
975 1839 1107 1880 cuspide
1132 1840 1236 1871 fossos

437 1900 452 1926 5
490 1895 522 1923 et
546 1891 656 1922 valeas
680 1901 793 1932 regum
818 1891 994 1921 multorum
1018 1891 1167 1932 frangere
1193 1892 1284 1929 colla,

489 1944 541 1985 qui
566 1943 729 1974 dominum
754 1953 864 1973 verum
889 1942 1002 1973 nolunt
1026 1953 1220 1984 cognoscere
1245 1943 1420 1983 Christum,

492 1995 546 2036 qui
568 1995 649 2026 deus
673 1997 723 2025 est
745 2005 828 2025 unus
852 2005 929 2025 vere
955 2005 1026 2025 cum
1051 1998 1142 2036 patre
1168 1995 1333 2033 colendus,

488 2057 582 2088 quem
607 2056 743 2088 superus
767 2049 853 2077 totus
878 2046 1043 2087 cognoscit
1067 2049 1098 2077 et
1122 2047 1249 2077 infimus
1274 2047 1361 2085 ordo⁷

488 2109 584 2140 quem
609 2099 723 2130 chorus
748 2098 913 2139 angelicus
940 2097 1135 2129 conlaudans
1161 2109 1289 2140 semper
1312 2098 1432 2137 adorat,

421 2159 453 2186 10
490 2154 522 2182 et
546 2151 691 2192 genitum
715 2151 816 2192 patris
842 2153 944 2181 totum
969 2149 1087 2180 diffusa
1110 2161 1168 2191 per
1191 2151 1301 2181 orbem

488 2203 627 2234 ecclesia
653 2202 817 2233 Christum
842 2202 1008 2242 cognoscit
1032 2205 1064 2232 ct
1088 2202 1354 2243 omnipotentwn

488 2255 541 2296 qui
566 2264 653 2285 mare
678 2254 828 2285 tellurem
852 2253 990 2291 caelum,
1017 2253 1070 2294 qui
1095 2257 1209 2284 cuncta
1234 2255 1364 2293 creavit,

196 2341 299 2375 [XVII]
351 2342 363 2366 1
384 2343 459 2367 uultu
478 2351 525 2367 om.
543 2342 581 2372 0¹,
602 2341 676 2366 corde
697 2340 728 2365 C²
815 2339 830 2364 4
850 2340 967 2365 laetarier
986 2339 1127 2372 (suprascr.
1143 2340 1173 2365 0²
1192 2341 1276 2371 letari)
1298 2340 1319 2365 C
1403 2341 1418 2366 ‘3
1437 2343 1528 2367 Clarus
1548 2342 1579 2365 M

197 2387 317 2421 [XVIII]
351 2388 366 2414 6
384 2389 457 2421 regni
477 2389 499 2413 O
565 2391 681 2420 competa
702 2388 722 2412 C

197 2434 290 2468 [XIX]
347 2435 363 2461 4
381 2437 490 2461 eximiae
510 2436 532 2460 Ο
595 2435 735 2460 uirtutibus
754 2439 833 2459 annet
851 2435 885 2459 sic
907 2434 945 2465 Jl,
965 2435 1067 2459 uirtutis
1087 2435 1181 2460 honore
1196 2437 1217 2460 (J
1284 2435 1300 2460 6
1319 2437 1421 2468 Semper
1439 2441 1464 2461 et
1482 2445 1496 2460 ss
1516 2436 1602 2468 pranis
1621 2436 1733 2460 defendit

95 2477 207 2503 hostibus
226 2479 290 2503 idem
312 2479 333 2503 0

197 2524 395 2558 [Kx—XXV]
433 2526 469 2558 Μ,
488 2526 598 2558 Enyevii
616 2534 666 2551 esse
674 2530 758 2557 potest
775 2525 834 2556 XX,
853 2525 893 2549 ria:
914 2525 996 2548 XXI*
1080 2523 1173 2557 [XXI]
1210 2526 1296 2550 Oratio
1315 2535 1358 2557 esso
1378 2526 1502 2558 inscripse',
1522 2528 1558 2550 Dc
1578 2527 1688 2550 oratione
1708 2526 1734 2548 Jl

129 2567 141 2591 1
162 2568 191 2592 ‹Ie
211 2577 258 2593 om.
274 2568 310 2598 ΠΙ,
330 2569 391 2594 add.
411 2569 564 2594 Lorenxmza
644 2568 659 2593 4
678 2569 834 2594 Dehaccaret
854 2577 899 2592 uos
914 2569 942 2591 ΔΙΙ
1012 2569 1070 2592 ferri
1089 2569 1127 2591 rc!
1145 2569 1203 2593 sorti
1225 2569 1383 2599 lorenzana,
1404 2570 1456 2593 soro
1478 2569 1505 2592 ,ll
1583 2570 1598 2590 Β
1617 2569 1733 2600 superius

95 2618 159 2635 corr.
177 2611 204 2635 i‘n.
222 2620 276 2636 -rus
295 2611 327 2635 M

196 2687 314 2721 [xvln]
352 2688 368 2714 3
387 2688 501 2714 Juvenal
516 2692 538 2721 9,
552 2692 598 2714 124
618 2688 687 2715 utile
708 2688 853 2714 consilium

197 2742 275 2776 [XX]
312 2743 328 2770 9
347 2743 433 2770 Drac.
447 2743 499 2770 Lcl.
514 2748 536 2777 2,
551 2748 601 2770 209
624 2746 652 2771 te
679 2745 776 2770 chorus
800 2743 954 2777 angelicus,
982 2743 1097 2769 laudans
1123 2743 1258 2769 exercitus
1285 2744 1345 2769 orat
1435 2743 1465 2769 10
1492 2742 1609 2768 Ermum.
1630 2741 1729 2774 Nigs.1'›1

95 2788 152 2815 hon.
172 2789 260 2817 Hlml.
274 2795 294 2823 1,
310 2793 359 2817 355
378 2791 473 2824 (PMA
493 2791 530 2816 Π
541 2800 568 2824 p.
584 2793 622 2825 16)
642 2792 730 2817 latum
750 2791 850 2817 diffuso.
871 2800 919 2824 per
939 2790 1030 2816 orbem

1476 2841 1525 2866 :³5¹²
