2106 3061
703 155 750 181 ΠΙ.
787 156 986 183 NOTABILIA
1005 157 1254 185 GRAMMATICA.
1729 168 1746 196 4
1753 168 1792 197 35

191 245 268 263 mora
296 237 318 263 si
347 237 443 268 fuerit,
472 237 561 264 acrius
588 238 653 264 inde
680 238 759 270 furit;
789 241 820 266 at
847 241 869 267 si

191 272 278 304 ponat
298 292 302 297 .
318 290 324 297 .
339 292 344 297 .
357 291 365 304 ,
384 271 465 305 perit.
511 275 560 298 148
578 272 717 306 frangitur
735 274 788 304 ira,
812 283 873 301 cum
892 285 954 303 eon-

191 306 277 331 sessus
297 305 350 331 erit
368 326 374 331 .
389 325 394 332 .
409 326 414 331 .
433 314 503 332 reus.
540 306 576 331 II
585 309 616 332 29
634 307 723 340 fugiet
742 308 867 342 viresque
887 310 955 336 fate-

190 341 237 365 tur
249 339 292 366 vel
307 360 313 366 .
324 359 330 366 .
342 361 347 366 .
361 341 471 366 tractet.
504 342 539 366 32
551 342 660 366 aestuet
679 361 685 367 .
699 361 705 367 .
719 362 724 368 .
744 342 889 370 vincentur
909 364 913 369 .
928 365 933 370 .
948 366 953 371 .

190 373 326 400 amabunt
345 394 351 400 .
366 393 372 400 .
386 394 392 400 .
412 374 556 400 succendo.
586 379 619 400 44
632 375 789 402 flammatur
802 396 824 403 ..
840 398 845 404 .
858 378 954 404 redde-

190 410 243 434 tur.
280 408 319 434 II
327 411 373 434 158
391 408 453 441 quis
472 416 562 434 comes
581 410 652 435 alter
671 410 731 441 erit,
751 418 811 436 cum
831 412 879 438 dat
897 412 954 438 fera

189 442 265 468 bella
292 442 428 468 noverca?
473 442 560 468 V153
588 443 731 476 rapientur
829 448 856 472 et
882 446 954 479 perit

215 497 220 503 .
239 497 244 503 .
271 478 320 502 aut
343 497 349 503 .
363 496 389 502 ..
416 476 504 503 cadet.
547 480 596 503 188
621 486 684 504 mox
707 498 713 504 .
727 498 752 504 ..
778 481 889 506 tenetur
908 501 931 506 ..
947 501 952 506 .

189 510 250 542 erit,
268 510 382 537 ferietur
402 530 427 537 ..
442 531 447 537 .
465 511 626 538 armabitur.
658 515 706 538 283
718 521 779 538 cum
799 533 805 539 .
820 534 845 540 ..
865 514 952 545 cadet,

188 553 250 571 cum
265 565 270 571 .
286 565 292 571 .
306 565 312 572 .
325 545 475 578 perfundat
488 565 493 571 .
505 564 512 570 .
529 565 534 571 .
548 554 608 571 cum
627 546 741 572 mordet.
771 550 819 573 317
829 549 953 575 funestat

230 599 255 612 .,
279 579 301 605 si
326 580 463 605 mactatus
489 579 549 606 erit.
590 580 647 606 VII
664 584 713 607 140
735 583 813 614 petet
902 592 952 609 nec

187 614 274 647 negat
293 634 298 640 .
315 633 321 638 .
336 634 342 640 .
360 615 480 647 vagatur
503 633 509 639 .
523 634 530 640 .
544 633 550 640 .
573 614 655 640 ibunt
674 635 679 640 .
694 635 700 642 .
715 635 719 640 .
739 616 886 648 perfundet
905 638 910 643 .
926 637 932 643 .
946 638 952 644 .

189 647 286 682 ci(t)et
305 668 310 673 .
327 667 333 674 .
347 668 353 674 .
371 648 487 674 mandat
508 668 514 674 .
527 668 532 674 .
547 669 552 674 .
572 648 701 675 flammat.
736 650 811 676 VIII
822 654 869 677 124
889 660 950 678 con-

187 682 262 708 iurat
288 702 294 708 .
308 701 334 708 ..
360 683 457 716 petent
482 701 488 708 .
503 703 508 708 .
522 703 528 709 .
554 682 676 708 fremunt
699 691 749 717 eqs.
786 688 835 710 182
854 685 952 712 cedent

189 737 194 742 .
213 736 219 742 .
238 736 243 742 .
269 717 352 743 extet.
390 720 439 742 229
463 716 513 742 dat
537 736 543 742 .
560 737 566 742 .
587 737 592 743 .
617 717 710 744 faciet.
745 722 796 745 238
814 721 951 752 praestem

188 772 193 777 .
206 771 211 776 .
224 771 229 776 .
240 750 320 776 adest
339 771 345 777 .
359 771 365 777 .
379 771 385 778 .
405 752 494 777 erunt.
524 754 570 777 652
582 751 695 777 dabitur
714 773 719 778 .
734 773 739 779 .
755 774 760 779 .
780 753 886 780 ditetur
905 775 910 780 .
925 776 930 780 .
945 775 950 780 .

188 784 320 811 orbentur
340 805 345 812 .
360 806 365 811 .
379 805 386 812 .
405 786 523 819 plangat
541 804 548 811 .
561 805 566 811 .
581 806 587 812 .
607 788 745 819 sequatur.
782 788 831 813 IX
841 792 873 814 64
890 788 951 822 quis

187 828 280 845 murus
293 819 346 846 erit
365 840 370 846 .
386 839 391 845 .
406 840 412 846 .
426 840 432 852 ‚
451 819 512 852 quis
527 839 549 846 ..
560 839 567 846 .
581 821 681 851 tuetur,
703 841 708 847 .
723 840 729 847 .
743 841 749 847 .
768 822 829 855 quis
848 823 951 856 diriget

247 874 253 886 ,
273 853 334 886 quis
348 873 353 880 .
367 874 373 880 .
387 874 393 880 .
407 854 526 880 sustinet
538 855 587 880 aut
600 874 606 880 .
618 874 624 881 .
637 875 642 881 .
657 855 765 881 tolerat.
802 860 832 882 91
851 856 951 883 formet

253 887 345 914 faciet.
386 891 432 914 126
456 889 613 921 negentur?
641 897 691 915 nec
718 889 804 917 dabis.
851 895 895 917 156
921 892 951 917 in

187 930 243 955 qua
262 942 267 948 .
282 943 288 948 .
302 942 308 948 .
328 922 380 948 erit
399 943 405 949 .
419 943 424 948 .
439 943 444 949 .
457 943 462 954 ,
481 924 570 949 vocat.
607 926 653 949 218
671 924 789 950 hortaris
808 945 814 950 .
829 945 834 950 .
849 945 854 951 .
874 925 896 951 si
910 946 915 952 .
927 946 932 952 .
945 946 950 952 .

187 956 248 982 erit.
273 956 358 983 X231
370 965 426 983 non
440 965 476 988 es,
489 956 511 982 si
522 957 613 984 fueris.
641 960 690 984 348
704 958 727 984 si
741 978 746 984 .
758 978 763 984 .
775 979 781 985 .
794 959 854 990 erit,
867 960 890 985 si
910 980 915 986 .
927 980 933 986 .
945 981 950 986 .

186 992 334 1024 parentur,
359 991 381 1017 si
406 991 483 1024 pluet
506 992 557 1017 aut
576 1011 601 1017 ..
615 1012 621 1018 .
646 994 777 1019 coruscet.
813 998 860 1020 425
879 995 950 1020 dabo

207 1045 212 1051 .
228 1046 233 1052 .
252 1025 415 1059 superaddo.
455 1025 498 1051 Or.
511 1029 559 1052 210
573 1026 666 1052 veniet
685 1047 690 1052 .
704 1047 709 1053 .
724 1047 730 1053 .
745 1029 787 1053 est
806 1048 811 1054 .
825 1048 831 1054 ,
845 1049 851 1054 .
871 1028 950 1055 dabo.

187 1062 234 1085 321
253 1060 368 1085 emimus
452 1060 601 1086 trahemus.
639 1063 689 1087 395
708 1064 789 1087 erunt
875 1063 950 1089 solli-

185 1093 274 1120 citent
297 1114 303 1120 .
322 1114 327 1119 .
348 1115 352 1121 .
379 1094 506 1120 verberet
529 1114 535 1120 .
558 1115 563 1120 .
583 1115 589 1121 .
613 1097 722 1122 vacant.
758 1099 806 1122 478
824 1097 949 1124 morieris

185 1147 192 1154 .
205 1148 230 1154 ..
251 1129 337 1154 tenet.
385 1131 433 1155 543
460 1128 593 1162 purgabit
621 1149 647 1155 ..
661 1149 667 1155 .
694 1138 759 1156 nam
788 1151 813 1157 ..
827 1151 833 1157 .
862 1132 950 1159 docet.

187 1165 237 1189 593
265 1164 387 1189 occurret
414 1183 420 1189 .
441 1183 446 1189 .
467 1183 473 1189 .
501 1163 609 1189 obsidet
635 1184 641 1189 .
661 1183 666 1190 .
685 1183 691 1189 .
714 1164 865 1192 invehitur.
903 1170 950 1192 614

184 1196 319 1223 favebunt
338 1205 370 1223 ac
389 1217 394 1223 .
407 1217 413 1223 .
427 1217 433 1223 .
452 1198 572 1231 rapiant.
611 1201 659 1224 763
671 1206 722 1224 nec
734 1218 740 1225 .
752 1219 758 1225 .
769 1219 775 1225 .
788 1200 950 1227 miscebitur

255 1240 304 1257 nec
389 1233 435 1257 eat
519 1233 633 1258 aut...
653 1233 780 1266 capiatis.

219 1270 326 1303 imperf.
340 1270 502 1296 coniunctim
517 1278 569 1303 pro
583 1271 734 1304 praesenti:
754 1276 776 1305 1,
792 1275 839 1298 373
857 1273 950 1304 (sensu

184 1304 276 1330 irreali
293 1312 369 1337 quem
387 1303 499 1337 dieunt).
536 1308 583 1331 572
601 1305 722 1339 imperat
741 1327 746 1332 .
761 1327 766 1333 .
781 1326 787 1333 .
806 1307 949 1333 dominen-

184 1340 231 1364 tur
249 1340 281 1365 ut
299 1339 358 1365 orbi
378 1340 406 1365 et
425 1358 431 1365 .
445 1359 451 1365 .
466 1360 472 1365 .
491 1340 627 1366 tenerent.
663 1343 686 1372 2,
700 1343 759 1366 298.
779 1343 834 1367 321.
854 1345 948 1375 406sq.

185 1376 233 1399 413
242 1381 277 1406 sq.
296 1377 346 1399 547
364 1374 395 1399 ut
419 1376 554 1400 remearet
578 1393 585 1400 .
599 1394 605 1400 .
619 1393 625 1400 .
649 1376 737 1407 optat.
773 1379 819 1401 599
836 1376 949 1410 (irreal.)

184 1411 237 1434 669.
258 1411 281 1439 3,
296 1410 351 1434 347.
371 1411 429 1434 448.
447 1410 497 1434 sat.
510 1411 547 1434 25.
569 1408 613 1434 Or.
626 1411 683 1434 380.
703 1412 757 1435 678.
779 1413 833 1436 749.

218 1442 285 1468 coni.
301 1449 390 1475 praes.
410 1450 464 1475 pro
486 1442 607 1475 imperfi:
635 1443 780 1476 Ilserffloet.
796 1447 835 1470 63.
862 1444 948 1472 Drac.

184 1480 206 1506 1,
219 1480 274 1503 541.
294 1480 316 1509 2,
331 1479 386 1502 327.
404 1479 428 1508 2,
441 1479 493 1503 383
510 1477 582 1502 inter
597 1477 761 1510 imperfecta.
799 1481 822 1510 2,
836 1482 948 1512 5883441.

183 1513 208 1542 3,
221 1514 280 1536 154.
302 1513 360 1537 363.
378 1514 436 1537 460.
450 1515 508 1537 546.
527 1513 575 1537 sat.
586 1514 642 1538 270.
662 1511 750 1539 V109.
770 1512 819 1538 IX
827 1516 880 1540 130.
903 1514 947 1540 Or.

187 1548 241 1571 702.
260 1553 311 1571 ros.
324 1550 362 1571 14.

218 1583 286 1610 coni.
301 1584 371 1616 perf.
386 1592 439 1617 pro
452 1584 682 1617 plusquamperfff
703 1588 726 1617 2,
741 1588 798 1612 307.

219 1622 288 1648 coni.
303 1622 573 1656 plusquamperfecti:
597 1627 618 1655 1,
632 1626 682 1649 292
706 1632 741 1649 ne
761 1643 766 1650 .
781 1644 787 1650 .
798 1644 804 1650 .
822 1624 947 1656 fuissent,

186 1676 192 1682 .
206 1676 212 1682 .
226 1676 232 1683 .
250 1656 319 1682 fixit.
355 1659 378 1689 2,
391 1660 440 1682 244
458 1659 568 1690 poteras
587 1677 593 1683 .
607 1677 612 1683 .
629 1677 635 1683 .
653 1658 813 1690 permittere
833 1679 838 1684 .
852 1678 858 1685 .
872 1679 878 1685 .
892 1681 898 1691 ,
917 1661 949 1685 ut

256 1691 374 1717 tulisset.
419 1694 478 1717 320.
505 1694 553 1717 sat.
567 1694 621 1718 134.
650 1695 703 1718 185.
731 1692 768 1718 ΙΙ
781 1696 829 1719 103
854 1693 948 1724 dicite,

183 1725 294 1759 quando
314 1746 319 1752 .
334 1745 340 1751 .
354 1745 360 1751 .
380 1725 508 1752 dedisset.

219 1764 469 1790 consecutionis
487 1767 663 1797 temporum
681 1765 810 1791 liberioris
829 1766 948 1799 eoeempla

183 1797 250 1824 data
279 1801 344 1824 sunt
372 1799 421 1824 sub
449 1799 516 1825 ccmi.
547 1800 650 1833 imperf.
677 1807 764 1832 praes.
791 1800 947 1833 plusquam-

177 1833 298 1865 perfecti.

219 1871 413 1904 emper-iadis
430 1871 722 1898 condicionalibus
735 1881 757 1905 q.
769 1872 794 1899 d.
805 1872 875 1898 addo
887 1873 947 1898 has:

183 1909 205 1936 1,
217 1908 263 1931 271
287 1906 443 1932 senuissent
467 1926 473 1932 .
487 1925 493 1932 .
507 1925 513 1932 .
527 1927 533 1937 ,
556 1906 586 1932 ni
609 1927 615 1933 .
629 1927 635 1933 .
649 1927 654 1932 .
678 1907 784 1933 darent.
820 1911 844 1939 2,
857 1911 904 1933 196
922 1908 944 1933 si

183 1939 323 1966 disiuncta.
341 1940 417 1973 fiant,
436 1940 558 1966 solvetur
576 1941 705 1967 machina
722 1950 825 1972 rerum;
845 1941 866 1966 si
881 1950 946 1968 con-

182 1974 279 2000 iuncta
297 1974 401 2006 forent,
426 1975 515 2001 omnis
534 1977 634 2001 natura
656 1976 767 2009 periret.
806 1979 829 2007 2,
842 1979 887 2001 251
906 1984 945 2002 re-

182 2008 275 2035 tinens
295 2029 301 2035 .
315 2030 321 2035 .
334 2029 340 2035 .
355 2029 361 2041 ,
380 2009 434 2035 nisi
452 2029 459 2035 .
472 2029 479 2035 .
493 2030 498 2035 .
519 2011 715 2036 contemneret.
751 2013 774 2040 3,
786 2013 835 2036 248
855 2010 877 2035 si
897 2030 903 2036 .
917 2030 923 2036 .
938 2030 943 2036 .

183 2043 266 2069 velini
285 2064 291 2070 .
309 2063 315 2070 .
328 2063 354 2074 .,
378 2052 433 2069 non
456 2043 524 2070 mihi
550 2044 696 2070 sufficient.
740 2047 791 2070 323
814 2044 904 2070 dicere
922 2045 945 2070 si

181 2077 298 2108 valeam,
318 2098 323 2104 .
339 2099 343 2104 .
358 2097 364 2104 .
383 2078 513 2111 probabo.
544 2078 597 2104 III
606 2082 634 2104 11
653 2079 673 2104 si
695 2099 701 2105 .
715 2099 720 2104 .
735 2098 740 2105 .
760 2081 884 2112 negetur,
899 2099 904 2104 .
919 2099 924 2105 .
939 2099 944 2104 .

182 2111 281 2138 forent.
322 2112 408 2138 V288
430 2112 453 2138 si
476 2132 501 2138 ..
516 2133 522 2139 .
546 2113 657 2143 darent,
685 2133 691 2139 .
705 2133 711 2139 .
725 2133 731 2139 .
755 2115 899 2147 rogassent
918 2115 946 2139 et

249 2146 335 2172 daret.
376 2147 409 2178 ef.
429 2147 508 2172 etiam
530 2147 577 2173 sub
600 2147 751 2174 indicativo.
804 2148 862 2173 sine
881 2155 945 2180 par-

181 2180 281 2206 ticulis:
303 2183 326 2213 3,
341 2184 389 2207 140
407 2181 446 2207 sic
464 2181 572 2207 iactura
590 2182 650 2207 fiat:
675 2183 799 2215 praestat
817 2190 946 2215 compen-

181 2215 228 2241 dia
253 2215 393 2241 damnum.
435 2215 523 2242 V221
546 2216 593 2241 das
617 2216 675 2242 otia
699 2224 788 2242 servo:
815 2236 820 2242 .
835 2237 840 2242 .
855 2236 860 2242 .
884 2216 946 2241 vult

182 2257 240 2275 esse
268 2258 340 2275 suus.
391 2249 435 2276 Or.
458 2253 508 2276 296
535 2250 691 2276 venandum
723 2250 824 2276 fuerat:
856 2250 943 2276 socios

180 2285 298 2310 venatus
317 2283 445 2310 habebat.
482 2287 537 2311 376.
556 2288 645 2317 929sq.
664 2285 784 2310 similiter
803 2286 834 2310 ut
852 2288 874 2317 2,
889 2288 943 2311 282.

182 2321 242 2352 298,
259 2318 367 2344 utinam
387 2322 410 2350 2,
423 2321 477 2345 321.

147 2362 183 2388 de
201 2360 316 2387 modis:

216 2399 439 2426 indicativus:
466 2403 489 2431 2,
503 2403 551 2425 242
578 2401 688 2433 poteras
780 2399 941 2433 permittere

181 2434 216 2466 (2,
233 2437 284 2460 718.
304 2436 352 2460 sat.
365 2436 413 2468 55).
452 2438 495 2460 261
518 2434 663 2460 debuimus
685 2435 756 2466 (338.
781 2438 837 2460 485,
855 2438 943 2464 3‚153.

184 2472 239 2495 545.
259 2469 327 2501 623).
398 2473 419 2499 1,
430 2472 476 2495 621
494 2469 605 2494 fuerant
625 2489 649 2495 ..
665 2489 670 2495 .
689 2470 763 2499 nata,
783 2489 788 2494 .
803 2488 828 2494 ..
848 2469 876 2494 ni
896 2488 902 2494 .
916 2488 922 2494 .
937 2488 942 2494 .

181 2503 268 2529 daret.
310 2505 359 2528 sat.
377 2506 424 2529 293
446 2504 468 2529 si
494 2524 498 2529 .
513 2523 519 2528 .
534 2524 539 2529 .
563 2503 684 2529 dedisset
708 2511 758 2528 nec
781 2503 860 2528 daret
878 2522 884 2528 .
897 2522 903 2528 .
917 2522 942 2533 .,

182 2545 253 2570 quae
274 2536 365 2563 fuerat
378 2537 485 2571 pietas?
521 2540 544 2569 3,
559 2541 605 2563 118
622 2537 645 2563 si
664 2557 670 2563 .
684 2557 690 2563 .
704 2558 710 2564 .
730 2539 788 2563 erat
807 2557 812 2563 .
828 2557 833 2563 .
848 2557 853 2563 .
868 2557 873 2566 ,
893 2537 943 2562 hoc

181 2572 294 2597 faceret.
336 2571 373 2597 II
386 2576 415 2598 61
441 2572 464 2597 si
488 2592 494 2598 .
508 2591 514 2597 .
529 2592 535 2598 .
559 2572 701 2605 placebat,
725 2591 731 2597 .
745 2592 751 2597 .
765 2591 771 2597 .
791 2572 942 2597 cantarent.

181 2606 212 2637 cf]
231 2605 275 2632 Or.
291 2609 343 2632 955.
385 2606 450 2632 V92
468 2606 490 2632 si
509 2606 588 2632 fortis
609 2607 668 2631 erat
686 2626 692 2632 .
708 2625 714 2631 .
729 2626 734 2632 .
748 2626 753 2636 ,
773 2606 886 2639 peteret.

215 2647 288 2672 saepe
313 2640 408 2673 leyicur
431 2640 485 2666 ind.
507 2648 560 2673 pro
582 2641 621 2665 rel
642 2648 702 2666 enm
724 2640 790 2665 coni.
810 2640 839 2665 in
861 2640 943 2665 inter-

181 2674 364 2707 royationibus
376 2674 557 2700 secundariis:
575 2679 596 2705 1,
612 2678 656 2700 712
668 2674 726 2704 scit.
746 2682 800 2707 quo
813 2694 819 2700 .
831 2694 836 2699 .
849 2694 854 2700 .
870 2682 943 2700 crea-

181 2711 226 2735 tus
309 2708 443 2735 imitatur.
484 2712 507 2740 2,
521 2711 572 2734 684
591 2709 684 2742 exegit
703 2708 770 2741 quid
849 2728 855 2738 ,
875 2707 941 2740 quid

203 2763 228 2769 ..
247 2745 417 2774 mereantur,
443 2743 541 2769 dicere.
577 2746 625 2769 812
650 2742 772 2769 ostendit
791 2762 856 2774 ...,
875 2742 940 2774 quid

203 2796 229 2803 ..
248 2779 348 2809 creent,
368 2777 434 2811 quid
455 2797 479 2804 ..
495 2798 500 2803 .
520 2779 646 2803 meretur.
683 2780 705 2809 3,
720 2780 765 2803 134
791 2778 941 2802 monstrare

1042 261 1107 280 ἴῃ,
1127 251 1181 275 qua
1200 245 1291 281 niente
1310 246 1428 278 rogetur,
1448 247 1566 279 qualiter
1649 257 1676 274 se
1695 250 1755 275 vult
1768 251 1797 276 et

1042 277 1122 301 iussit
1140 285 1234 303 amari.
1272 281 1318 304 625
1341 279 1395 305 scio
1415 281 1459 306 cui
1483 281 1556 307 iusta
1574 283 1685 315 parasti.
1722 284 1796 310 1192

1042 318 1136 348 causas
1156 311 1291 344 perquirit
1309 333 1315 339 .
1329 332 1334 338 .
1349 334 1355 339 .
1370 333 1376 342 ‚
1394 322 1441 340 cur
1460 335 1464 340 .
1479 335 1503 343 ..
1524 317 1602 349 petit.
1645 317 1711 343 V86
1728 318 1795 351 quid

1041 345 1122 370 timet
1134 347 1183 370 aut
1196 347 1282 379 optet,
1302 367 1307 372 .
1322 367 1327 373 .
1341 368 1346 373 .
1367 348 1511 375 advertite.
1543 350 1620 375 VIII
1630 354 1663 377 30
1681 352 1794 386 vulgate

1081 398 1106 409 .,
1126 387 1196 411 quae
1216 387 1297 405 causa
1380 382 1454 408 fecit.
1487 387 1534 409 222
1547 384 1597 414 dic,
1618 385 1664 410 ubi
1679 386 1719 411 vis
1738 406 1795 417 ...,

1040 412 1087 437 ubi
1172 414 1269 439 tendis.
1306 418 1354 440 244
1378 420 1547 449 cognoscunt
1572 438 1636 449 ...,
1662 428 1715 452 quo
1735 421 1796 446 vela

1040 448 1181 479 parantur.
1225 451 1274 473 262
1305 457 1375 481 quae
1405 459 1486 476 causa
1513 452 1614 485 coegit,
1645 453 1793 481 insinuare.

1040 480 1087 505 IX
1099 484 1158 506 184.
1177 484 1228 507 203
1247 483 1418 515 perquirens,
1443 485 1465 510 si
1484 485 1566 511 Troia
1584 486 1647 517 ruit,
1666 487 1688 512 si
1707 489 1796 514 conci-

1040 514 1082 540 dit
1101 515 1209 541 Hector.
1247 515 1277 541 X
1290 520 1323 542 46
1342 519 1373 543 ut
1392 521 1509 550 nossent,
1529 520 1595 552 quid
1613 521 1715 554 puppis
1728 524 1794 549 erat.

1039 551 1090 574 357
1113 551 1264 575 monstrare
1288 570 1293 576 .
1307 570 1313 577 .
1324 570 1330 576 .
1344 571 1350 583 ,
1374 552 1441 584 quid
1463 572 1468 578 .
1484 573 1488 578 .
1503 573 1508 578 .
1533 554 1627 579 valent
1645 556 1712 587 (non
1729 559 1794 589 536).

1044 581 1130 621 07‘371
1149 583 1193 609 dic
1212 603 1277 622 ...st
1297 593 1352 617 qua
1373 588 1445 612 sorte
1468 596 1569 614 manes.
1605 591 1661 614 350.
1680 593 1729 615 875
1748 591 1795 624 (cf.

1038 624 1105 643 com.
1118 618 1181 651 557).
1235 619 1355 644 szmiliter
1369 623 1431 653 post
1449 630 1510 647 ecce
1529 622 1609 654 quid:
1635 626 1658 654 3,
1671 627 1727 650 240.
1746 627 1794 650 sat.

1039 654 1093 677 165.
1112 655 1164 677 191.
1216 653 1306 678 rarius
1324 654 1353 678 ¹in
1370 655 1431 680 aliis
1444 656 1590 681 enuntiatis
1609 657 1722 683 alternat
1742 658 1794 684 ind.

1038 692 1057 710 c.
1071 686 1151 711 001111.-
1173 689 1196 717 3,
1209 690 1281 719 62sq.
1301 687 1329 712 in
1351 688 1472 714 relatiro:
1498 694 1541 716 154
1562 690 1628 716 haee
1653 691 1731 717 illum
1754 701 1795 718 re-

1038 727 1139 752 sponsa
1151 720 1265 746 domant
1281 721 1440 755 faciantque
1453 724 1540 750 silere.
1570 728 1616 750 594
1630 725 1675 750 ubi
1695 726 1731 751 sit
1749 746 1754 751 .
1769 746 1774 752 .
1789 748 1794 753 .

1038 755 1087 779 aut
1105 774 1110 779 .
1126 775 1131 779 .
1146 774 1152 780 .
1171 763 1225 787 quo
1239 775 1245 781 .
1260 775 1265 780 .
1279 775 1284 781 .
1298 757 1418 782 recessit.
1448 760 1496 783 sat.
1512 761 1543 784 28
1556 759 1617 791 quis
1636 779 1641 784 .
1655 780 1659 785 .
1674 779 1679 785 .
1699 768 1795 793 aspera.

1039 789 1139 813 cuncta
1165 791 1253 822 petat,
1278 798 1407 823 prospera
1426 794 1525 818 cuncta
1543 793 1646 825 negat?
1733 797 1796 820 nota

1037 821 1093 847 ind.
1113 822 1142 846 in
1160 823 1297 849 enmzstiato
1314 825 1435 851 relativo.-
1458 830 1480 858 2,
1496 830 1538 851 741
1561 827 1634 852 solus
1657 827 1728 853 enini
1748 829 1795 854 do-

1037 856 1140 885 minus,
1163 857 1303 883 dominum
1329 859 1376 891 qui
1400 868 1455 885 non
1478 860 1562 886 habet
1587 863 1663 887 extat
1685 863 1727 888 vel
1751 863 1794 889 cui

1038 891 1138 916 cuncta
1156 891 1261 924 parent.

1072 924 1104 950 de
1122 926 1220 951 voculis
1239 934 1308 957 cuni,
1327 926 1400 958 dum,
1419 927 1485 954 licet
1502 936 1524 954 v.
1543 928 1599 954 incl.
1617 930 1757 957 verbm-mn.

1071 967 1320 994 coniunctivae:

1073 1005 1139 1030 Mer.
1154 1013 1227 1038 pros.
1245 1009 1258 1031 1
1272 1007 1340 1031 B22
1362 1015 1415 1032 non
1442 1027 1448 1033 .
1466 1028 1470 1034 .
1489 1027 1495 1034 .
1523 1008 1583 1042 (sic)
1678 1010 1794 1043 impleat

1038 1039 1156 1070 animos,
1182 1041 1214 1065 ut
1233 1040 1263 1066 si.
1299 1040 1384 1066 Drac.
1404 1041 1439 1074 [1,
1452 1044 1468 1067 3
1490 1045 1623 1075 agnoscat
1644 1043 1688 1077 CJ.
1730 1049 1751 1077 1,
1765 1048 1795 1071 31

1038 1073 1174 1100 adsumat.
1205 1078 1226 1106 1,
1242 1078 1272 1099 77
1294 1075 1356 1107 quis
1380 1077 1469 1108 neget.
1500 1081 1522 1108 1,
1536 1080 1584 1103 397
1606 1079 1713 1110 qualem
1734 1087 1794 1112 pos-

1039 1109 1100 1133 sent
1117 1129 1122 1134 .
1137 1128 1142 1133 .
1157 1128 1162 1134 .
1182 1108 1305 1134 formare.
1336 1112 1358 1141 2,
1371 1113 1403 1135 57
1420 1110 1481 1142 quis
1501 1130 1506 1136 .
1520 1131 1525 1136 .
1539 1131 1545 1137 .
1565 1114 1656 1144 queat.
1687 1116 1720 1138 58
1733 1114 1794 1146 quis

1037 1143 1155 1175 reputet.
1187 1147 1233 1168 144
1252 1144 1283 1168 ut
1301 1143 1367 1176 quid
1388 1143 1523 1171 miremur.
1558 1148 1581 1177 3,
1596 1149 1626 1171 12
1644 1146 1704 1179 quis
1718 1147 1794 1172 dubi-

1038 1178 1088 1202 tet.
1123 1179 1146 1209 3,
1160 1180 1193 1202 89
1216 1177 1237 1202 si
1259 1198 1264 1203 .
1279 1198 1284 1203 .
1299 1198 1304 1203 .
1324 1179 1365 1203 est
1385 1197 1390 1203 .
1406 1198 1410 1203 .
1425 1198 1430 1203 .
1445 1199 1450 1206 ,
1475 1188 1557 1211 quam
1586 1179 1628 1205 sit.
1665 1184 1714 1206 150
1733 1181 1794 1207 sub-

1037 1211 1106 1236 iciat
1124 1211 1277 1244 quisquam.
1317 1215 1340 1244 3,
1355 1215 1405 1237 268
1423 1221 1502 1238 nemo
1522 1234 1528 1239 .
1546 1234 1551 1239 .
1570 1235 1574 1239 .
1589 1214 1709 1240 miretur.
1749 1219 1796 1241 577

1037 1245 1117 1278 quasi
1211 1247 1315 1278 putem.
1350 1250 1396 1272 594
1419 1247 1466 1272 ubi
1490 1248 1526 1273 sit
1544 1268 1550 1274 .
1564 1268 1587 1274 ..
1607 1250 1656 1274 aut
1675 1270 1680 1274 .
1696 1268 1720 1274 ..
1740 1258 1794 1282 quo

1058 1299 1083 1305 ..
1102 1279 1223 1305 recessit.
1258 1282 1307 1306 sat.
1321 1283 1352 1306 92
1374 1280 1424 1307 hoc
1443 1281 1523 1308 homo
1543 1282 1651 1314 quando
1671 1283 1793 1309 habeat?

1039 1313 1083 1340 Or.
1096 1317 1142 1339 662
1167 1323 1238 1347 quae
1260 1315 1296 1340 sit
1318 1323 1401 1340 mora.
1437 1319 1487 1341 860
1509 1316 1576 1349 quid
1599 1316 1703 1342 faciat?
1727 1326 1794 1351 quos

1057 1368 1063 1374 .
1077 1368 1082 1373 .
1103 1348 1216 1374 eliciat?
1242 1349 1284 1374 vel
1311 1369 1316 1375 .
1330 1368 1335 1374 .
1350 1369 1356 1375 .
1378 1348 1498 1382 fatiget?
1544 1350 1588 1376 Or.
1602 1354 1651 1376 927
1667 1351 1727 1384 quis
1747 1372 1752 1378 .
1766 1372 1771 1378 .
1787 1372 1793 1378 .

1058 1402 1084 1408 ..
1103 1382 1213 1409 audeat.
1266 1385 1299 1416 cf.
1318 1384 1395 1416 forte,
1414 1384 1538 1411 forsitan.

1070 1420 1190 1446 iro-eatis:
1214 1425 1234 1452 1,
1248 1425 1295 1446 441
1318 1421 1385 1454 quid
1404 1442 1409 1447 .
1424 1443 1429 1448 .
1444 1442 1449 1448 .
1470 1424 1547 1448 esset.
1584 1426 1634 1449 442
1652 1424 1724 1450 unde
1743 1444 1749 1450 .
1764 1445 1769 1450 .
1783 1444 1789 1450 .

1037 1455 1146 1482 scirent.
1186 1458 1231 1481 531
1254 1463 1289 1481 an
1312 1476 1317 1481 .
1336 1476 1341 1481 .
1360 1476 1366 1481 .
1390 1459 1488 1489 posset.
1529 1460 1551 1489 3,
1570 1460 1601 1483 63
1625 1466 1679 1483 non
1702 1459 1791 1485 ferret.

1036 1492 1059 1520 2,
1073 1492 1119 1515 331
1137 1490 1205 1515 haec
1225 1490 1297 1515 mala
1316 1490 1477 1517 sufficerent.
1515 1494 1538 1523 3,
1552 1496 1600 1517 445
1617 1501 1684 1525 quas
1697 1493 1792 1519 lueret.

1032 1523 1167 1550 V111239
1191 1524 1264 1557 quod
1287 1532 1363 1550 mens
1386 1525 1463 1550 nulla
1485 1525 1601 1552 tulisset.
1648 1526 1720 1552 0124
1738 1535 1793 1553 non

1035 1565 1106 1591 quae
1125 1558 1272 1592 iugularet.
1311 1558 1354 1584 Or.
1367 1562 1417 1585 584
1435 1561 1467 1585 ut
1485 1560 1610 1585 facienda
1624 1563 1703 1593 putes
1722 1570 1792 1594 quae

1035 1600 1085 1618 nec
1105 1592 1222 1619 dicenda
1240 1593 1363 1619 fuissent.

1072 1630 1102 1656 X
1113 1634 1159 1657 355
1177 1632 1301 1664 optarem
1320 1633 1337 1658 i.
1356 1634 1424 1664 opto.
1466 1631 1527 1657 VH
1537 1636 1550 1657 1
1568 1641 1702 1666 cuperem.

1069 1672 1092 1701 2,
1107 1673 1149 1695 111
1162 1678 1352 1703 quaecumque
1365 1670 1443 1696 daret
1457 1690 1462 1696 .
1476 1690 1482 1697 .
1496 1690 1501 1696 .
1516 1691 1521 1701 ‚
1535 1672 1673 1704 putarent.
1709 1675 1731 1705 2,
1747 1675 1793 1698 782

1035 1703 1171 1736 quidquid
1189 1713 1311 1737 agamus.

1068 1742 1233 1768 hortatu-us:
1252 1747 1271 1773 1,
1285 1746 1300 1768 2
1318 1743 1402 1775 legat.
1437 1746 1481 1769 361
1500 1743 1604 1769 demus
1640 1746 1690 1769 364
1709 1752 1790 1770 nove-

1034 1776 1071 1802 rit
1093 1797 1099 1802 .
1114 1797 1139 1802 ..
1164 1777 1207 1803 sit.
1243 1780 1289 1803 365
1312 1779 1392 1802 vocet
1415 1797 1420 1802 .
1439 1797 1444 1802 .
1464 1797 1469 1803 .
1494 1779 1622 1803 recurrat.
1658 1781 1707 1804 369
1725 1779 1788 1804 sint.

1034 1813 1082 1837 370
1101 1811 1143 1837 sit.
1185 1814 1231 1837 625
1257 1811 1436 1844 conspiciant.
1475 1814 1498 1842 3,
1512 1815 1540 1837 91
1563 1814 1714 1838 veneretur.
1758 1816 1790 1838 92

1034 1845 1078 1871 sit.
1115 1849 1186 1877 94sq.
1212 1849 1258 1871 101
1281 1845 1399 1871 doceant
1422 1846 1476 1871 iam
1500 1854 1548 1871 nos
1574 1846 1706 1879 exempla.
1742 1850 1790 1872 124

1034 1879 1114 1905 absit.
1162 1884 1210 1905 154
1239 1879 1352 1905 faciant.
1399 1883 1422 1912 3,
1441 1883 1485 1906 185
1512 1880 1696 1913 egrediantur.
1743 1884 1791 1907 279

1033 1914 1170 1947 legantur.
1207 1917 1255 1939 477
1276 1914 1389 1947 rapiant
1478 1915 1506 1939 et
1524 1914 1636 1940 faciant.
1671 1918 1722 1940 560
1740 1915 1790 1940 im-

1033 1949 1118 1982 pleut.
1156 1951 1202 1973 613
1224 1956 1258 1973 ne
1284 1948 1420 1974 clauseris.
1456 1951 1503 1973 672
1527 1948 1640 1982 prosint.
1682 1952 1728 1974 673
1746 1949 1789 1975 sit.

1035 1986 1082 2008 677
1098 1984 1232 2015 resurgat.
1270 1986 1317 2008 722
1335 1983 1372 2008 sit
1385 1985 1408 2008 et
1422 1982 1531 2015 passim.
1550 1986 1616 2008 nota
1631 1990 1789 2015 personam:

1038 2016 1082 2042 Or.
1098 2020 1143 2042 612
1156 2025 1224 2042 eam.
1277 2017 1307 2041 in
1325 2017 1403 2050 {onya
1418 2016 1527 2049 periodo
1545 2020 1568 2049 2,
1577 2020 1713 2043 442-—463
1730 2025 1789 2043 con-

1032 2051 1143 2076 ‘iunctim'
1158 2051 1246 2083 primo
1264 2051 1355 2076 iussim·
1373 2053 1512 2076 transeunt
1530 2051 1559 2076 in
1576 2051 1687 2077 irreales.

1064 2089 1159 2121 pendet
1173 2098 1190 2114 a
1202 2089 1284 2114 verbis
1297 2089 1335 2115 rel
1342 2089 1500 2121 phrasibus:
1521 2088 1564 2115 Or.
1578 2093 1605 2115 15
1618 2089 1657 2115 da
1671 2089 1788 2115 valeam.

1032 2123 1109 2149 VIII
1118 2126 1166 2149 186
1185 2131 1287 2156 poenas
1301 2123 1440 2156 persolvat
1459 2144 1464 2148 .
1480 2144 1485 2149 .
1499 2144 1503 2149 .
1524 2126 1675 2156 exoptat.
1706 2127 1729 2155 2,
1745 2127 1791 2150 778

1033 2160 1255 2191 expectamus
1282 2158 1372 2183 adhuc
1400 2158 1433 2183 de
1460 2166 1581 2191 paupere
1606 2158 1687 2183 xenia
1711 2158 1790 2183 nohis

1032 2192 1129 2218 afferat
1141 2194 1169 2218 et
1179 2192 1317 2225 praedam.
1335 2197 1355 2223 1,
1367 2195 1410 2218 731
1421 2192 1550 2218 facit...
1562 2192 1683 2218 membra
1692 2193 1791 2225 tegant

1031 2226 1153 2252 animam
1175 2226 1219 2258 (cf.
1237 2226 1315 2258 infra
1335 2226 1397 2252 VII
1406 2228 1458 2259 30).
1496 2225 1540 2252 Or.
1553 2230 1601 2252 667
1621 2226 1789 2252 festinare

1032 2281 1037 2286 .
1049 2281 1055 2286 .
1066 2280 1072 2286 .
1083 2260 1187 2286 audiat.
1210 2260 1342 2287 V111503
1355 2261 1506 2286 hortatur
1516 2280 1521 2286 .
1531 2280 1536 2286 .
1545 2280 1550 2286 .
1560 2260 1671 2286 indicet.
1696 2261 1791 2286 octiens

1031 2294 1086 2328 fere
1106 2297 1166 2327 post
1184 2294 1282 2320 iubeo
1297 2295 1399 2328 panim
1416 2296 1513 2320 miaems
1534 2302 1593 2320 cum
1610 2295 1661 2326 inf.
1681 2295 1712 2328 (v.
1732 2294 1790 2320 ind.

1031 2329 1116 2362 verb).
1144 2329 1181 2354 bis
1190 2331 1249 2362 post
1262 2338 1287 2354 m
1296 2337 1376 2355 oneo
1390 2333 1422 2360 (v.
1431 2328 1486 2354 ind.
1497 2329 1582 2362 verb).
1608 2329 1683 2354 nolo
1696 2329 1790 2361 (E'uy).

1030 2363 1093 2389 V15
1111 2365 1229 2397 optate
1311 2363 1432 2389 vincant.
1474 2363 1547 2389 Vivo
1566 2371 1620 2389 non
1639 2371 1720 2396 opus
1739 2364 1791 2388 est

1032 2397 1166 2423 laedatur.
1211 2400 1260 2423 sat.
1279 2400 1325 2423 134
1347 2397 1461 2423 oravit
1486 2418 1491 2423 .
1510 2418 1514 2422 .
1534 2418 1540 2423 .
1559 2418 1564 2427 ‚
1595 2397 1716 2422 vinceret
1742 2399 1791 2422 aut

1032 2434 1106 2457 certe
1129 2431 1231 2465 praeda
1256 2431 1353 2457 fuisset
1375 2432 1455 2458 iners.
1497 2431 1590 2458 Χ420
1608 2440 1662 2457 non
1682 2431 1789 2464 puniat,

1032 2474 1086 2492 oro.
1138 2466 1234 2491 Χ422
1261 2466 1331 2492 colla.
1358 2474 1438 2499 paro
1469 2466 1558 2491 feriat.
1605 2465 1635 2490 X
1658 2469 1687 2490 76
1717 2468 1790 2498 peto

1031 2500 1089 2526 filia
1108 2520 1114 2526 .
1128 2520 1153 2526 ..
1173 2501 1247 2525 amet
1266 2502 1293 2526 et
1311 2500 1415 2526 laudet.
1462 2500 1550 2525 11117
1575 2500 1688 2532 placet
1713 2519 1718 2525 .
1738 2519 1743 2525 .
1763 2519 1788 2530 .,

1031 2535 1117 2567 Hylas
1140 2535 1273 2568 rapiatur.
1314 2537 1337 2566 3,
1351 2538 1397 2560 614
1421 2534 1477 2560 das
1505 2536 1694 2567 praecepta
1718 2553 1722 2558 .
1742 2553 1788 2565 ..‚

1032 2589 1036 2595 .
1051 2589 1056 2594 .
1072 2589 1077 2594 .
1097 2569 1179 2595 cadat
1193 2589 1198 2594 .
1210 2589 1215 2595 .
1228 2589 1232 2594 .
1246 2570 1274 2595 et
1293 2588 1315 2595 ..
1330 2589 1335 2595 .
1355 2570 1433 2594 ferat.
1471 2568 1548 2593 V131
1567 2576 1681 2601 precor
1700 2575 1789 2600 asper-

1030 2605 1107 2636 gant.
1144 2603 1192 2628 IX
1202 2607 1246 2629 129
1259 2611 1301 2628 me
1315 2603 1373 2629 vita
1386 2603 1433 2636 pia
1451 2602 1618 2636 promovit
1636 2602 1669 2627 ad
1684 2610 1788 2633 urnam,

1050 2657 1075 2664 ..
1095 2645 1233 2671 quaeram.
1278 2639 1315 2662 ter
1340 2640 1397 2669 post
1425 2644 1547 2670 quaeso
1570 2636 1602 2667 (r.
1626 2635 1680 2661 incl.
1705 2635 1789 2667 rerb.).

1067 2672 1110 2698 Or.
1124 2675 1169 2698 811
1188 2672 1296 2697 scelus
1309 2673 1371 2702 est,
1386 2692 1391 2697 .
1406 2692 1410 2697 .
1425 2691 1430 2696 .
1444 2671 1576 2704 rapiatur.
1608 2670 1652 2695 Or.
1664 2673 1708 2695 311
1728 2678 1788 2702 rap-

1030 2707 1103 2732 taret
1133 2714 1197 2739 opes
1227 2714 1304 2739 spes
1335 2714 1389 2731 una
1420 2704 1591 2730 manebat.
1645 2703 1720 2729 VIII
1739 2706 1789 2728 446

1029 2741 1125 2773 turpe
1148 2740 1272 2772 videri,
1299 2758 1304 2763 .
1324 2760 1330 2765 .
1351 2759 1356 2765 .
1384 2739 1459 2765 Paris
1484 2759 1488 2764 .
1508 2759 1513 2765 .
1535 2758 1541 2764 .
1566 2740 1667 2764 teneat.
1704 2740 1786 2769 2,113

1029 2775 1153 2801 vitium
1172 2776 1222 2800 cst
1241 2775 1368 2807 generale
1449 2794 1454 2805 ,
1475 2774 1524 2799 hoc
1543 2772 1663 2798 credant.

1535 2823 1584 2849 53³³
