2106 3061
714 178 879 205 CARMINA
903 179 1037 205 111-111
1629 185 1689 215 239

448 265 587 296 Iacubus
612 265 664 296 1110
688 265 787 296 nitido
810 266 1015 307 praepollens
1040 276 1094 298 ore
1121 267 1247 298 renidet

380 326 412 353 20
449 320 482 348 et
504 317 592 348 Petri
616 317 745 357 gemina
769 316 955 358 resplendet
979 317 1116 358 epistola
1140 318 1232 348 dictis

448 379 485 399 ac
509 368 628 409 triplex
652 368 770 409 legitur
793 369 901 409 magni
925 368 1069 399 doctrina
1092 369 1244 400 Iohannis

447 429 623 461 parvaque,
649 419 706 450 sed
730 419 870 460 prudens
894 422 1039 460 gestatur
1062 420 1181 461 pagina
1204 420 1314 452 Iudae.

448 471 523 502 hinc
548 473 580 502 et
603 471 798 512 apostolicos
822 481 1012 512 percurrens
1037 471 1161 502 invenis
1185 475 1287 509 actus,

448 533 527 564 quos
553 526 683 553 sanetus
707 522 821 553 merito
847 522 1036 564 conscripsit
1060 523 1186 554 nomine
1211 522 1327 555 Lucas,

379 583 411 609 25
448 575 506 605 hos
532 574 678 615 sequitur
700 574 797 615 plana
821 574 921 604 versis
946 577 978 605 et
1001 574 1097 615 plena
1120 575 1229 615 figuris

447 626 528 656 visio
553 625 707 656 Iohannis
732 636 958 656 consummans
982 626 1089 656 omnia
1112 626 1203 666 legis.

447 677 527 708 haec
551 680 625 708 sunt
649 687 740 708 sacra
764 676 826 715 dei,
851 677 928 707 iuris
952 676 1033 707 haec
1058 678 1194 719 mystica
1217 677 1291 716 divi,

489 730 570 760 haee
595 740 725 760 servare
750 729 854 766 decet,
878 729 959 759 haee
984 732 1144 759 temerare
1168 733 1272 761 nocet.

447 781 497 812 his
522 781 614 812 lectis
639 781 763 811 animus
788 780 895 811 divino
920 790 1053 811 munere
1078 780 1204 819 crescit,

379 841 413 868 30
493 833 675 864 inlecebras
698 832 809 863 mundi
833 832 931 862 vineit
954 842 1063 863 amore
1088 832 1147 863 dei.

449 884 523 915 111110
547 894 682 926 pravum
705 887 893 924 rectumque
917 885 1009 924 parat
1033 883 1216 915 discernere
1241 883 1353 915 doetus

490 935 610 977 optima
634 935 806 977 perficiens
831 937 863 965 et
886 934 970 965 male
996 945 1090 965 suasa
1115 945 1241 966 cavens

447 987 521 1018 hine
545 990 677 1028 turgens
702 986 793 1028 ponit
815 987 967 1028 perculsa
991 986 1142 1027 superbia
1166 987 1278 1025 fastus,

489 1038 633 1070 frenatur
657 1038 752 1068 luxus
777 1037 1052 1078 eonprimiturque
1078 1036 1178 1068 dolus.

378 1099 412 1125 35
449 1090 578 1122 turbida
602 1090 760 1121 clamosos
785 1089 903 1119 amittit
927 1088 998 1119 rixa
1022 1088 1175 1119 tumultus

492 1141 737 1183 adquiriturque
762 1140 875 1171 fovens
899 1140 987 1181 pacis
1011 1150 1119 1171 amore
1143 1141 1244 1182 quies.

449 1193 525 1235 quid
548 1193 612 1224 iam
635 1193 735 1224 multa
757 1193 891 1234 loquar?
924 1193 1024 1224 virtus
1048 1193 1100 1224 hic
1126 1193 1251 1235 proficit
1275 1193 1388 1232 omnis,

492 1245 573 1277 haec
598 1245 728 1287 perimit
751 1247 854 1276 10111111
877 1245 972 1276 160110
998 1248 1110 1276 sancta
1134 1245 1265 1276 malum.

449 1307 524 1328 6006
551 1296 669 1338 (haec),
693 1296 746 1337 qui
770 1296 931 1327 dominum
956 1307 1054 1338 prono
1079 1297 1126 1328 vis
1150 1307 1281 1328 eernere
1307 1296 1413 1335 corde,

379 1358 413 1384 40
492 1349 573 1380 haec
597 1349 753 1380 meditare
778 1349 924 1389 loquens,
950 1348 1030 1379 haec
1054 1358 1231 1379 memorare
1255 1351 1376 1379 tacens.

449 1411 533 1431 nunc
558 1404 707 1442 superest
732 1400 800 1439 fari,
825 1411 887 1442 quo
913 1400 975 1430 sint
998 1400 1196 1442 praescripta
1220 1400 1350 1431 iubente

492 1452 544 1482 vel
568 1452 659 1482 cuius
684 1451 789 1482 studio
813 1451 845 1482 in
869 1450 980 1482 codice
1004 1450 1102 1481 missa
1126 1451 1230 1481 simul.

449 1513 592 1534 summus
617 1506 649 1534 et
672 1503 824 1544 egregius
849 1502 1013 1543 congessit
1037 1504 1154 1532 cuncta
1178 1502 1350 1534 Iohannes

494 1555 552 1586 rite
577 1554 793 1586 ministerium
817 1554 1001 1596 pontificale
1024 1564 1152 1594 gerens.

381 1615 415 1641 45
452 1606 634 1638 Caesareae
658 1606 827 1647 Augustae
852 1605 927 1636 dum
952 1608 1062 1647 pastor
1084 1605 1250 1647 praesidet
1273 1606 1354 1643 urbi,

494 1658 575 1689 haec
598 1657 783 1689 veneranda
807 1668 864 1688 suo
887 1657 1017 1688 nomine
1042 1656 1125 1687 dona
1149 1656 1247 1688 dedit.

452 1710 573 1741 credite
596 1710 659 1741 iam
684 1709 791 1741 cuncti
814 1712 887 1751 post
911 1711 1045 1739 mortem
1070 1709 1179 1739 vivere
1203 1708 1358 1746 functum,

495 1762 584 1793 cuius
608 1765 680 1804 post
704 1761 825 1792 obitum
850 1760 1075 1802 magnificatur
1098 1770 1189 1801 opus.

61 1910 157 1954 (Vll)
203 1911 264 1947 IX.
304 1912 364 1947 DE
394 1911 612 1947 BASILICA
640 1910 931 1947 SANCTORVM
959 1909 1115 1945 DECEM
1142 1909 1201 1943 ET
1230 1908 1355 1944 OCTO
1383 1908 1666 1943 MARTYRVM.

453 1986 569 2017 Incolit
593 1986 653 2017 hoc
678 1986 834 2027 templum
860 1988 910 2016 sat
933 1985 1012 2016 felix
1037 1984 1130 2015 turba
1154 1984 1287 2025 piorum,

499 2048 633 2079 quorum
657 2037 835 2079 promeruit
858 2047 925 2067 sors
950 2035 1124 2067 benedicta
1147 2035 1266 2076 polum.

454 2089 506 2120 hic
531 2092 632 2120 morte
657 2099 776 2127 500105,
801 2089 953 2119 virtutum
978 2087 1115 2118 culmine
1141 2087 1244 2117 celsos

496 2142 591 2172 unica
614 2144 664 2173 ter
688 2151 783 2172 senos
807 2140 948 2171 continet
972 2150 1051 2170 urna
1075 2139 1169 2170 viros.

163 2245 194 2270 19
214 2246 326 2270 lacubus
344 2246 379 2270 sic
399 2246 431 2270 ssl
497 2254 539 2271 ore
558 2246 655 2270 renidet
672 2254 723 2277 eya,
743 2240 798 2270 ori-e
816 2245 879 2269 nitet
899 2244 935 2275 Jl,
953 2244 1040 2268 ordine
1058 2244 1121 2268 111161
1140 2243 1293 2267 Lorenzana
1381 2241 1411 2266 ²21
1433 2242 1519 2273 magni
1540 2242 1699 2271 Lorenmna,

62 2289 210 2321 magnitudo
226 2290 257 2313 M
349 2289 383 2314 23
408 2290 476 2315 Hieu
499 2294 523 2314 61
546 2290 623 2322 apstli
643 2298 706 2321 quos
721 2289 753 2312 JI
828 2288 928 2312 1111161115
948 2287 1110 2318 Lorcnzana,
1134 2286 1248 2311 inuenire
1268 2286 1297 2309 M
1375 2289 1447 2309 actus
1465 2293 1541 2316 super
1559 2285 1652 2308 lineam
1671 2284 1700 2307 111

97 2331 130 2356 24
148 2333 250 2357 nomina
268 2333 342 2357 lucus
361 2332 393 2356 Μ
460 2332 492 2357 27
512 2333 612 2357 mistica
630 2333 670 2356 dei
689 2332 743 2356 uiui
764 2331 793 2355 M
812 2331 977 2357 Loreuzanaz
998 2329 1106 2354 currenti!
1124 2333 1146 2353 ει
1159 2333 1218 2360 post
1236 2329 1275 2353 dei
1295 2328 1408 2352 ‹listtzzaeie
1420 2328 1512 2358 Peiper
1582 2326 1614 2351 32
1634 2327 1700 2351 male

67 2383 142 2400 suasa
160 2384 254 2400 cavens
273 2376 436 2408 Loremana,
465 2376 534 2401 mala
561 2384 637 2400 suasa
665 2376 756 2399 cadens
781 2366 818 2398 ill*
912 2372 945 2397 33
969 2372 1087 2405 perculsa
1115 2380 1166 2403 eya,
1194 2372 1312 2404 perclusa
1335 2371 1368 2394 M
1467 2370 1500 2394 35
1528 2370 1652 2394 clamosus
1675 2370 1703 2393 ,11

97 2417 130 2443 38
148 2419 183 2443 Εο
203 2419 245 2450 BL·
263 2421 295 2444 Et.
313 2419 404 2451 Pez'per
491 2418 524 2444 39
548 2420 612 2443 Ecce
631 2419 694 2442 haee
717 2418 800 2449 (nolui
821 2418 886 2441 Ecce
904 2415 929 2447 o)
948 2425 999 2447 ayo,
1019 2417 1084 2440 Ecce
1104 2415 1133 2438 M
1203 2415 1246 2446 qui
1265 2415 1394 2438 dominum
1414 2422 1492 2446 prono
1517 2413 1621 2443 Traube,
1641 2413 1700 2444 quid

63 2460 193 2486 homnium
220 2471 264 2494 per
289 2471 381 2487 nomen
407 2462 440 2486 M
523 2470 638 2487 scernerc
663 2461 695 2485 ΠΙ
795 2459 827 2485 41
858 2468 908 2491 quo
938 2459 1098 2487 Lao-emuna,
1126 2458 1195 2489 quod
1223 2457 1255 2481 JI
1337 2465 1396 2481 cave
1425 2456 1534 2481 conicias
1562 2456 1700 2488 perseripla

97 2503 130 2529 45
157 2506 296 2530 Caesareae
322 2506 456 2537 Augustae
476 2505 637 2535 Lwenwna,
656 2505 762 2529 Cesaree
781 2507 854 2527 110516
874 2503 905 2526 M
989 2502 1081 2526 FINl'r
1099 2501 1245 2532 subscripsit
1265 2500 1294 2523 M

166 2556 229 2590 [IX]
267 2559 291 2581 A
311 2557 443 2590 (sohzlffl)
466 2557 566 2581 MbFP
652 2557 699 2581 iia:
722 2556 752 2580 de
779 2556 887 2580 uasilica
906 2553 939 2584 F,
965 2555 990 2578 111
1015 2553 1117 2577 basilica
1141 2553 1165 2576 P
1252 2551 1263 2576 1
1289 2552 1348 2576 felix
1373 2552 1452 2576 uerba
1477 2553 1499 2574 ,1
1588 2550 1603 2574 3
1623 2555 1700 2574 morte

67 2609 151 2625 sacros
169 2601 239 2626 clare
258 2602 349 2633 leqitur
367 2602 442 2626 etiam
461 2601 487 2626 in
507 2603 539 2632 Λ,
558 2604 637 2625 morte
656 2608 728 2624 sacro
747 2608 801 2623 runi
822 2598 898 2629 (corr.
919 2598 944 2622 t'n
964 2596 1014 2628 ros)
1030 2597 1065 2627 M,
1085 2600 1182 2620 montes
1201 2604 1284 2620 sacros
1302 2595 1359 2619 edd.
1430 2595 1524 2619 uirtute
1543 2593 1575 2616 Jll

168 2685 199 2712 19
212 2695 270 2719 sqq.
283 2686 314 2718 cf.
330 2685 420 2711 Albar.
434 2690 465 2712 64
478 2693 530 2718 sqq.
601 2685 634 2711 23
652 2684 683 2717 cf.
698 2684 799 2710 Aleria.
815 2686 854 2716 68,
873 2686 908 2708 13.
921 2686 961 2714 69,
976 2685 1023 2707 159
1039 2680 1179 2712 leooclzclf.
1194 2682 1240 2706 133
1253 2687 1333 2704 anon.
1348 2682 1397 2704 105
1467 2678 1499 2703 20
1512 2677 1546 2709 cf.
1563 2676 1700 2707 Theodalf.

66 2739 109 2774 3135
127 2736 217 2763 Albar.
230 2740 262 2763 68
279 2745 362 2763 anon.
377 2740 421 2762 112
507 2736 539 2762 27
558 2736 591 2768 cf.
605 2736 698 2762 Albar.
714 2738 742 2761 73
758 2737 782 2761 et
801 2738 842 2767 45,
864 2734 964 2760 Aleria.
981 2736 1022 2764 65,
1037 2736 1058 2758 5.
1078 2736 1116 2763 69,
1131 2735 1175 2757 173
1261 2731 1293 2756 41
1315 2731 1349 2763 cf.
1363 2729 1453 2755 Αἷῦιιν.
1467 2733 1513 2755 142

168 2797 232 2835 [IX]
270 2798 282 2824 1
303 2796 405 2823 eosdem
423 2797 533 2824 celebrat
552 2799 678 2830 martyres
697 2794 861 2821 Prudentius
878 2794 974 2827 hymno
994 2792 1041 2818 IV
1052 2791 1261 2825 peristephanon
