2106 3061
778 185 952 212 ROMVLEA
972 187 994 213 X
1647 196 1656 224 1
1665 195 1701 224 91

468 269 552 312 quod
574 270 726 302 Phoebus
750 271 879 302 radians
904 275 969 303 toto
993 273 1046 304 vix
1071 274 1210 316 explicat
1233 287 1326 315 anno,

467 322 608 363 corporis
633 325 666 353 et
688 321 849 354 dominam
872 334 973 355 verax
997 335 1091 366 quam
1115 326 1210 357 turba
1233 327 1360 365 fatetur,

468 376 502 404 tu
525 383 691 404 nemorum
716 378 832 413 custos,
857 377 890 406 tu
913 385 998 406 mors
1021 376 1152 417 pinnata
1175 378 1314 409 ferarum

382 432 432 460 405
468 424 574 463 (ursus
599 435 711 456 cervus
735 436 813 467 aper
837 427 1012 467 pantherae
1037 427 1165 459 damma
1187 429 1309 467 leonem

467 476 548 507 retia
572 486 643 507 cum
667 476 799 508 veniunt
823 481 878 509 aut
902 488 974 509 cum
998 479 1159 510 venabula
1181 480 1319 518 vibrant,

467 530 542 558 ante
565 538 679 559 necem
703 531 759 560 tua
781 529 903 571 praeda
926 530 1061 571 iaeent);
1087 534 1118 562 te
1141 531 1253 562 tertius
1277 531 1370 563 heres

465 579 656 620 participem
680 580 779 621 regni,
804 584 985 612 consortem
1009 582 1085 612 iuris
1110 583 1209 613 amari

467 630 590 670 optavit
612 630 830 672 mundumque
854 631 943 663 dedit
966 632 1024 663 tibi
1048 632 1131 663 dona
1155 634 1329 665 secundum

379 689 430 716 410
466 681 541 722 (sub
566 684 622 713 tua
645 682 797 714 terribilis
821 684 988 725 rapiuntur
1011 688 1138 726 sceptra
1160 686 1297 726 tyranni,

465 732 555 764 dives
581 744 703 775 pauper
726 734 818 776 inops
841 738 951 776 raptor
974 736 1078 777 pirata
1102 736 1253 767 sacerdos

467 784 640 816 advenient
664 785 722 816 sub
746 786 819 827 lege
843 787 922 828 pari,
947 797 1010 817 non
1035 791 1119 818 sorte
1144 788 1202 819 sub
1226 799 1304 819 una:

465 839 500 867 tu
523 837 617 878 punis
641 840 715 879 post
737 837 805 868 fata
829 848 901 869 reos
926 842 959 869 et
982 839 1107 870 viscera
1131 850 1238 876 saevo,

466 887 687 930 Persephone,
711 889 769 920 das
793 892 901 921 nostra
924 890 1020 930 cani),
1044 894 1115 931 post
1139 902 1239 932 regna
1262 892 1404 922 barathri

379 948 429 974 415
466 950 549 981 quae
572 940 696 971 vultum
719 943 843 972 mutare
867 941 951 972 soles
974 942 1082 973 visura
1105 942 1296 974 Tonantem:

465 990 506 1022 da
528 991 665 1030 veniam,
689 991 807 1023 Medea
829 1003 956 1034 precor:
982 1003 1053 1024 cum
1078 994 1169 1025 clade
1194 1004 1323 1025 suorum

465 1052 529 1073 non
552 1042 647 1074 decet
669 1043 717 1074 ira
740 1043 829 1076 deos.
875 1054 1004 1075 mereor
1026 1055 1081 1085 pro
1106 1046 1237 1076 crimine
1261 1056 1407 1086 poenam,

463 1096 494 1124 te
518 1093 656 1125 feriente
680 1097 799 1134 tamen,
829 1105 893 1126 non
916 1098 951 1126 ut
974 1095 1140 1127 mendicus
1164 1096 1259 1127 Iason

464 1146 505 1176 sit
528 1145 658 1185 vindex,
683 1146 806 1187 regina,
831 1149 916 1185 tuus,
940 1148 993 1188 qui
1017 1147 1159 1179 criminis
1183 1151 1294 1179 auctor

379 1204 431 1230 420
466 1197 536 1238 ipse
559 1197 631 1228 fuit:
656 1197 809 1229 miseram
832 1199 920 1229 solus
944 1209 1008 1230 non
1031 1200 1152 1240 puniat,
1177 1210 1243 1237 oro,

463 1248 517 1290 qui
541 1259 666 1280 mecum
690 1249 853 1281 feriendus
878 1253 962 1285 erat;
988 1251 1177 1292 cuicumque
1201 1252 1338 1289 iubebis,

463 1300 548 1331 colla
570 1310 649 1342 paro
673 1300 781 1332 feriat:
809 1304 934 1332 tantum
957 1312 997 1333 ne
1021 1302 1109 1343 virgo
1129 1302 1276 1334 Creontis

462 1351 632 1382 discidium
655 1352 760 1393 pariat
783 1356 915 1383 nautam
938 1353 1073 1384 ductura
1096 1354 1255 1386 maritum.

463 1403 583 1434 exaudi
606 1403 774 1434 famulam:
799 1403 887 1435 dolor
911 1407 969 1443 est,
994 1415 1058 1436 non
1082 1405 1169 1436 zelus
1192 1406 1296 1437 Iason.

376 1461 428 1488 425
465 1454 606 1496 quinque
630 1454 714 1486 dabo
740 1455 872 1487 inferias
902 1456 967 1496 (sat
991 1460 1083 1487 erunt
1107 1468 1162 1498 pro
1187 1458 1318 1488 crimine
1343 1460 1450 1488 nostro

462 1506 614 1538 inlustres
637 1506 793 1548 animae):
819 1508 946 1539 niveam
970 1518 1042 1539 cum
1064 1508 1180 1540 Iasone
1205 1508 1359 1547 Glaucen⁷

463 1558 619 1589 mortibus
643 1558 808 1589 amborum
832 1569 942 1601 regem
967 1560 1149 1601 superaddo
1175 1560 1314 1592 Creonta

464 1612 497 1641 et
521 1613 613 1641 natos
637 1610 822 1641 miseranda
844 1611 935 1649 duos,
961 1622 1032 1643 mea
1055 1612 1198 1653 pignora,
1223 1613 1361 1654 supplex

465 1661 576 1700 offero,
600 1662 774 1703 sacrilegos
797 1666 907 1694 nostro
932 1662 971 1694 de
995 1674 1125 1705 corpore
1148 1664 1280 1703 fructus,

378 1721 430 1748 430
467 1723 507 1744 ne
530 1713 630 1755 prosit
654 1724 788 1755 pecasse
812 1713 912 1746 mihi.³
956 1715 1000 1745 sic
1024 1715 1091 1746 fata
1115 1715 1264 1746 sacerdos

467 1765 614 1806 suspexit
637 1775 700 1796 non
724 1765 770 1797 ire
795 1766 887 1807 polos
911 1776 970 1797 nec
993 1766 1086 1797 Luna
1109 1767 1235 1798 videtur

464 1817 509 1848 sic
533 1820 643 1848 tauros
667 1827 806 1858 urguere
830 1827 916 1857 suos,
941 1817 997 1848 sed
1022 1818 1169 1849 cursibus
1192 1822 1278 1850 astra,

462 1868 570 1909 ignitis
594 1878 750 1910 responsa
773 1868 903 1900 dabant.
947 1870 1059 1910 gavisa
1083 1869 1234 1901 sacerdos

463 1920 560 1951 vertit
584 1919 624 1951 ad
648 1920 808 1951 infernum
833 1921 971 1961 gemitus
996 1931 1168 1962 regemque
1192 1921 1335 1952 barathri

376 1977 427 2005 435
465 1981 582 2002 secura
604 1971 668 2002 iam
693 1982 771 2003 voce
797 1972 859 2002 ciet
882 1972 1062 2013 Furiasque
1084 1976 1249 2013 precatur:

463 2022 570 2064 ‘impie
594 2033 653 2054 rex
676 2022 786 2062 Erebi,
811 2023 864 2064 qui
888 2022 1090 2054 formidabile
1114 2034 1249 2064 regnum

463 2074 577 2106 Mortis
600 2074 714 2115 habes,
738 2085 833 2116 quem
859 2078 945 2106 terra
967 2075 1093 2116 premit,
1118 2076 1170 2116 qui
1194 2076 1309 2106 funera.
1332 2075 1441 2106 mundi

465 2127 587 2168 excipis
611 2129 643 2158 et
667 2127 765 2158 tantis
788 2137 851 2157 non
875 2127 988 2168 exples
1011 2127 1151 2158 luctibus
1176 2127 1296 2163 aulam3

462 2178 675 2219 anguicomae
700 2188 756 2209 vos
781 2188 907 2219 quoque
932 2178 1023 2216 deae,
1048 2178 1163 2219 quibus
1187 2178 1302 2219 impius
1326 2178 1438 2208 horror

375 2238 427 2265 440
463 2230 570 2271 turpia
593 2230 745 2271 vipereae
769 2229 946 2260 funduntur
969 2229 1113 2261 membra
1137 2233 1281 2260 cerastae

463 2281 631 2323 (plurimus
655 2292 710 2312 ora
733 2282 814 2322 tegit
838 2281 982 2323 pendens
1006 2281 1046 2312 de
1070 2282 1188 2312 vertice
1214 2291 1346 2322 serpens

173 2376 224 2402 414
247 2382 304 2410 post
328 2379 381 2409 {³23
399 2385 479 2409 regna
503 2386 521 2401 οι
612 2375 662 2401 418
681 2377 800 2401 mentitus
819 2376 899 2400 Dalm
986 2375 1034 2400 421
1055 2376 1101 2400 erit
1119 2376 1238 2400 Bida-ens
1323 2375 1372 2400 423
1392 2379 1463 2408 parat
1485 2376 1516 2405 N,
1540 2384 1606 2399 corr.
1628 2374 1704 2397 Dalm

108 2419 159 2445 425
178 2421 256 2446 (labos
276 2422 308 2451 N,
327 2422 391 2446 dabo
409 2430 427 2445 π
504 2421 570 2445 erint
589 2420 632 2444 Nn
735 2419 785 2444 426
803 2420 901 2444 animas
920 2419 998 2443 Dalm
1075 2420 1196 2444 Glaucem
1223 2419 1265 2443 Nn
1361 2418 1408 2443 431
1436 2428 1486 2458 ¹non
1512 2419 1565 2442 iure
1585 2417 1653 2449 polos
1673 2417 1704 2444 Ν,

75 2471 139 2488 corr.
152 2463 276 2496 Rossbery
362 2463 412 2488 432
430 2464 543 2488 crinibus
562 2463 681 2487 Balla-cns
761 2461 811 2486 436
831 2464 883 2486 Iam
903 2463 943 2494 pie
962 2462 994 2491 N,
1014 2471 1079 2486 corr.
1094 2462 1172 2486 Dalm
1259 2461 1309 2486 440
1327 2462 1484 2492 sundunqltur
1502 2470 1519 2484 ἰι

172 2549 224 2575 404
248 2548 318 2582 Veoy.
338 2548 405 2574 Aen.
425 2552 447 2581 9,
466 2551 516 2574 405
534 2549 562 2573 et
580 2555 719 2573 nemorum
744 2546 863 2572 Latonia
889 2547 979 2571 custos
1005 2546 1081 2577 (Hor.
1100 2554 1178 2572 carm.
1197 2549 1219 2578 3,
1239 2549 1280 2578 22,
1302 2547 1325 2578 1)
1418 2546 1468 2572 407
1493 2544 1585 2570 Claud.
1603 2547 1640 2575 35,
1664 2547 1709 2568 10¹7

75 2598 174 2626 tertius
193 2599 272 2626 heres
286 2598 397 2626 Saturni
466 2598 517 2625 413
535 2598 641 2625 Lucan.
655 2602 678 2631 6,
693 2601 740 2624 702
758 2597 805 2630 qui
819 2597 923 2623 viscera
936 2606 1017 2623 saevo
1030 2597 1137 2631 spargis
1156 2598 1248 2623 nostra
1262 2597 1323 2623 cani
1391 2597 1441 2622 415
1459 2596 1492 2627 cf.
1506 2596 1611 2621 Lucan.
1625 2599 1646 2623 6.
1663 2597 1707 2620 736

107 2649 157 2677 426
180 2650 253 2684 Very.
267 2650 336 2677 Aen.
351 2654 374 2683 6,
391 2654 435 2677 758
453 2649 577 2676 inlustris
596 2649 702 2676 animas
722 2650 790 2681 (Ima
809 2653 832 2681 4,
853 2651 908 2682 152)
1012 2649 1060 2674 431
1086 2648 1191 2674 Lucan.
1208 2652 1231 2680 6,
1244 2652 1293 2673 465
1318 2647 1442 2681 Iuppitvr
1456 2667 1461 2672 .
1475 2667 1480 2672 .
1495 2667 1499 2672 .
1519 2646 1635 2672 miratur
1654 2655 1704 2671 non

74 2700 111 2728 ire
136 2702 222 2736 polos.
252 2702 286 2734 cf.
306 2701 363 2728 Val.
376 2702 421 2728 Fl.
438 2706 460 2734 5,
477 2704 522 2728 371
617 2701 667 2728 432
697 2701 792 2727 Claud.
811 2709 830 2726 c.
848 2700 910 2726 min.
930 2703 970 2731 26,
984 2703 1017 2725 60
1040 2699 1143 2725 nitidos
1170 2699 1327 2732 stupefiat-a
1352 2698 1480 2724 iuvencos
1507 2698 1579 2723 Luna
1606 2696 1703 2730 premit

79 2751 226 2787 pigrosque
245 2753 325 2787 polus
342 2762 397 2779 non
416 2752 539 2780 concitat
556 2762 620 2779 axes
705 2753 756 2779 436
774 2752 840 2778 Stat.
862 2751 934 2777 Theb.
953 2756 976 2784 4,
994 2755 1041 2777 473
1062 2751 1235 2777 formidabile
1259 2760 1371 2784 regnum
1392 2750 1488 2776 Mortis
1573 2749 1620 2775 411
1642 2749 1706 2773 Slal.

78 2804 155 2831 Theb.
169 2809 192 2840 4,
205 2809 249 2832 555
267 2805 300 2832 de
319 2804 421 2832 vertice
439 2813 551 2839 serpens
