2106 3061
648 797 810 844 <CAR
825 799 876 843 M
891 799 913 844 I
928 799 1056 845 NA.)

690 922 1010 963 (PRAEFATIO.)

423 1007 562 1049 Obliquo
586 1011 706 1039 memet
728 1008 800 1039 visu
825 1008 878 1050 qui
902 1009 982 1050 figis,
1007 1010 1120 1047 ocelle,

466 1060 492 1090 si
515 1059 594 1090 mihi
617 1059 676 1090 rite
700 1060 817 1101 placet,
842 1071 925 1101 quae
950 1061 1009 1091 tibi
1033 1071 1109 1092 cura
1133 1065 1263 1093 manet?

423 1110 570 1152 quamvis
595 1110 797 1142 rancidulum
821 1114 937 1153 rugata
960 1111 1065 1143 fronte
1091 1123 1248 1153 susurres,

464 1173 527 1194 non
549 1165 647 1204 pavet
673 1162 851 1204 Eugenius,
877 1173 940 1194 non
965 1167 1063 1205 pavet
1085 1163 1264 1205 Eugenius.

371 1223 386 1249 5
422 1215 468 1245 nil
491 1215 588 1253 valet,
613 1214 737 1254 infelix,
761 1218 895 1246 nasutas
919 1215 1040 1256 fingere
1066 1226 1184 1247 sannas

465 1268 562 1307 atque
587 1265 727 1296 animum
751 1266 871 1307 coeptis
895 1266 1076 1298 tristificare
1101 1267 1201 1298 bonis.

420 1318 538 1356 invide,
561 1319 626 1349 iam
650 1328 750 1358 cessa,
774 1318 838 1349 iam
863 1329 965 1359 cessa,
989 1319 1122 1360 perfide,
1146 1330 1253 1351 cessa:

467 1370 598 1411 prodest
621 1369 682 1400 hoc
706 1370 845 1409 animae,
869 1369 920 1401 fac
944 1371 1021 1402 mihi
1045 1370 1151 1409 crede,
1176 1374 1262 1403 tuae.

422 1422 508 1464 quod
533 1422 559 1452 si
583 1422 664 1452 livor
687 1421 780 1453 adest
804 1425 836 1453 et
860 1421 964 1453 adhuc
989 1425 1020 1453 te
1046 1423 1196 1462 concutit,
1220 1422 1309 1454 audi:

355 1481 387 1508 10
466 1483 525 1504 nec
548 1473 642 1504 nobis
666 1483 786 1504 noceas
811 1484 871 1505 nec
895 1473 953 1504 tibi
978 1473 1137 1515 proficias.

422 1528 455 1556 at
478 1528 523 1564 tu,
547 1525 601 1566 qui
625 1527 751 1556 nostras
777 1525 949 1566 tranquillo
974 1528 1105 1567 pectore
1130 1536 1232 1567 nugas

463 1577 605 1618 perlegis
630 1579 663 1607 et
686 1576 804 1607 blande
828 1577 950 1608 rustica
973 1577 1072 1608 verba
1095 1577 1196 1616 foves,

423 1629 465 1660 sis
489 1628 558 1659 vita
581 1628 725 1670 locuples
751 1631 783 1659 et
807 1628 926 1659 Christi
950 1639 1082 1660 munere
1108 1629 1198 1659 dives

466 1690 615 1711 sermone
639 1680 764 1721 pollens
788 1680 981 1721 ingenioque
1005 1680 1118 1721 vigens

355 1739 385 1766 15
423 1731 577 1763 suavibus
602 1731 736 1773 effinges
761 1734 794 1763 at
817 1755 1144 1764 ...........

464 1793 524 1814 nec
548 1793 682 1814 vereare
705 1783 795 1814 libris
820 1783 948 1814 aemula
971 1783 1072 1814 flabra
1096 1783 1167 1815 tuis.

421 1844 576 1876 praesens
599 1834 751 1865 incolomi
776 1838 978 1866 transcurras
1002 1838 1148 1876 tempore
1173 1835 1316 1866 saeclum

465 1889 497 1917 et
520 1886 630 1918 faveat
653 1887 736 1928 iugis
760 1897 825 1928 pax
848 1886 906 1918 tibi
929 1897 1057 1928 paxque
1081 1887 1156 1919 tuis.

131 2034 236 2058 VARIA
255 2035 378 2059 LECTIO
472 2034 555 2059 Totius
577 2035 657 2059 libelli
683 2035 778 2059 diversi
796 2035 916 2059 carminis
938 2034 984 2066 (sic
1004 2033 1187 2065 Ilclephonsus)
1207 2034 1294 2057 titulus
1312 2042 1364 2057 ἠοη
1382 2036 1448 2057 efflat
1467 2033 1492 2056 in
1514 2032 1561 2055 „1L
1581 2031 1623 2063 (de
1643 2031 1672 2055 Μ

32 2085 53 2101 v.
72 2081 129 2101 ante
157 2086 260 2102 carmen
287 2078 327 2109 13)
345 2086 423 2110 neque
442 2078 468 2102 ἰη
490 2077 546 2107 FP,
577 2078 671 2110 Incipit
693 2078 844 2110 opusculum
870 2078 936 2102 beati
955 2077 1063 2109 Eugenii
1091 2077 1202 2109 episcopi
1223 2076 1274 2105 CB,
1301 2076 1430 2108 Incipiunt
1453 2075 1577 2107 opuscula
1602 2075 1671 2098 beati

32 2120 139 2152 Eugenii
162 2120 189 2152 T,
208 2121 300 2154 Incipit
318 2130 382 2154 opus
401 2121 500 2146 celebre
525 2122 593 2146 beati
611 2121 721 2153 Eugeuii
743 2121 853 2153 episcopi
874 2120 897 2144 R

132 2196 356 2230 [PRAEFATIO]:
384 2198 410 2222 P
432 2196 496 2229 (71071.
521 2198 558 2230 F)
582 2198 604 2222 C
626 2197 667 2229 (ex
686 2198 731 2222 ltoc
750 2198 890 2229 descriptus
916 2196 1025 2229 B[ern].
1047 2199 1079 2222 36
1104 2205 1168 2221 saec.
1182 2197 1209 2220 Χ
1224 2198 1245 2229 f.
1260 2198 1323 2221 139v
1339 2196 1370 2225 B,
1395 2204 1468 2227 quem.
1492 2194 1598 2225 contuli)
1627 2194 1671 2217 ΤΗ

64 2241 186 2272 praefatio
206 2249 258 2272 pro
284 2241 356 2266 tituto
374 2250 426 2266 non
442 2241 533 2273 leqieur
551 2241 579 2266 in
597 2241 650 2265 ullo
670 2241 753 2266 codice
841 2241 855 2265 1
875 2241 987 2273 Obliqufi
1007 2241 1066 2273 equi
1085 2241 1168 2264 uisum
1187 2240 1244 2272 figis
1263 2239 1344 2271 opelle
1367 2238 1394 2269 T,
1414 2238 1552 2269 Obliquum
1571 2240 1671 2261 nostrae

32 2282 130 2308 vultum
150 2284 194 2316 qui
212 2284 269 2316 figis
288 2284 385 2316 opellae
405 2284 527 2309 Sirmmzd
545 2284 602 2309 edd.
673 2284 688 2309 6
707 2285 796 2316 Neque
810 2284 834 2308 R
904 2283 920 2309 8
939 2288 979 2308 sat
998 2284 1060 2308 mihi
1080 2283 1202 2307 ›S'irmond
1220 2282 1277 2307 edd.
1352 2281 1367 2305 9
1386 2282 1418 2305 Et
1435 2281 1456 2305 si
1475 2280 1499 2304 R
1570 2280 1601 2304 10
1619 2280 1671 2304 Nec

32 2325 104 2351 bonis
127 2327 152 2350 T
228 2326 261 2351 12
279 2327 378 2352 mistica
395 2327 431 2352 R¹
514 2326 554 2352 14.
569 2326 600 2352 15
619 2336 666 2352 om.
682 2327 805 2352 Sirmond
822 2327 879 2352 edd.
963 2326 994 2351 14
1013 2327 1137 2351 I'ermoue
1152 2325 1197 2350 OB
1285 2324 1317 2349 15
1335 2324 1465 2349 Suauibus
1485 2323 1615 2353 (suauitas
1635 2322 1669 2353 B)

33 2370 123 2402 effinge
143 2373 183 2395 sat
195 2369 312 2403 (effinges
330 2374 360 2396 ut
371 2369 406 2403 R)
425 2371 475 2396 duo
494 2371 657 2403 pentametris
676 2371 758 2402 codd„
777 2371 845 2402 quod
856 2371 1103 2403 confer-ruminatum
1115 2369 1214 2394 videtur
1232 2377 1262 2394 ex
1274 2369 1418 2393 hexametro
1437 2375 1498 2391 casu
1517 2366 1543 2390 in
1554 2367 1671 2398 formam

34 2413 182 2444 pentametri
206 2414 322 2438 mutilato
348 2418 371 2438 et
393 2414 480 2446 ylo-ssa
501 2414 642 2446 marqinali
669 2414 704 2438 ad
730 2413 805 2445 15llss
827 2417 952 2444 spectante
975 2414 1024 2438 duo
1047 2413 1205 2445 pentametri.
1245 2416 1272 2435 ut
1298 2411 1438 2442 exemplum
1460 2418 1559 2441 ponam
1586 2416 1671 2432 versus

33 2455 162 2481 destructi:
199 2457 322 2482 suavibus
352 2458 461 2489 effingas
491 2461 516 2482 et
547 2458 635 2481 florida
664 2457 778 2482 carmina
808 2457 881 2481 dictis
917 2457 966 2487 (sat
996 2457 1086 2489 pulcra
1116 2458 1233 2488 poemata
1262 2455 1348 2479 metris
1377 2453 1504 2478 Baclteter
1534 2450 1670 2484 ingyeniose)

67 2497 99 2523 16
116 2508 220 2525 uereare
238 2500 295 2531 PR,
313 2508 402 2525 uereas
423 2500 474 2529 CB,
494 2504 592 2525 metuas
616 2500 641 2524 Τ
705 2500 778 2524 fabra
799 2499 843 2523 CB

133 2634 257 2661 NOTAE
328 2635 554 2670 [PRAEFATIO]
640 2636 657 2662 3
675 2635 833 2669 Enyelmodt
851 2643 929 2661 carm.
944 2639 964 2668 1,
980 2637 1009 2661 13
1027 2643 1077 2661 nec
1102 2643 1156 2660 non
1181 2633 1353 2660 rancidulam
1375 2641 1483 2659 resones
1502 2641 1562 2658 cum
1582 2640 1671 2664 paene

34 2686 170 2719 querelam
195 2687 229 2720 (3,
243 2689 283 2720 15)
369 2688 384 2714 5
405 2688 478 2714 Pers.
495 2692 517 2721 1,
536 2691 567 2715 33
590 2687 765 2714 rancidulum
789 2686 920 2720 quiddam
945 2686 1030 2712 halba.
1055 2686 1087 2711 (le
1112 2694 1177 2711 nare
1202 2685 1318 2712 locutus.
1354 2689 1376 2717 5,
1391 2688 1419 2710 91
1438 2683 1479 2709 ira
1504 2683 1586 2709 cadat
1605 2691 1670 2708 naso

34 2745 185 2771 rugosaque
202 2747 296 2766 sanna.
335 2739 417 2766 Paul.
436 2739 527 2765 Albar.
546 2747 567 2766 e.
584 2743 624 2772 10,
645 2742 679 2766 29
702 2739 803 2773 fingere
822 2747 929 2765 sannas.
966 2742 988 2770 4,
1005 2741 1039 2763 22
1063 2737 1175 2763 rancide
1199 2745 1314 2763 sannas,
1327 2756 1350 2763 ..
1371 2735 1472 2770 pangit
1559 2734 1572 2759 7
1592 2734 1670 2759 Paul.

33 2788 122 2816 Albar.
136 2797 157 2817 c.
171 2794 210 2824 10,
225 2794 257 2817 28
276 2791 377 2825 perfide
398 2791 477 2818 crede
567 2791 598 2817 13
616 2790 725 2817 Ecbasis
746 2790 844 2824 captivi
864 2792 916 2816 805
935 2789 971 2815 sit
991 2789 1050 2815 vita
1069 2788 1191 2822 locuples
1211 2789 1239 2814 et
1259 2787 1361 2814 Christi
1380 2795 1489 2813 munere
1510 2785 1585 2812 dives
