2106 3061
727 178 746 204 i.
783 178 895 204 INDEX
915 178 1100 207 NOMINVM.
1669 187 1729 216 299

93 261 251 294 Cynthia]
271 269 292 287 υ.
312 260 397 286 Luna.
434 261 502 294 Cyp
511 260 569 294 ris]
589 269 610 287 r.
625 261 726 288 Venus.

93 295 229 329 Cyprus]
255 295 330 321 VIII
349 298 400 320 427
418 294 528 320 Paridis
547 296 640 322 carina
659 316 665 323 .
680 317 705 323 ..
725 297 814 330 Cypro

124 329 234 355 resedit.
270 333 318 356 429
336 329 454 362 Cyprum
475 331 587 355 tenuere
606 331 695 357 simul.
732 335 779 357 435
792 332 880 365 Cypro

125 365 195 390 festa
222 364 280 393 dies
307 364 409 389 natalis
432 364 502 390 sorte
529 364 632 391 Dionae
659 366 708 391 illa
735 366 795 391 luce
820 367 880 392 fuit.

124 401 173 424 437
189 398 279 424 insula
300 397 411 431 Cypros.
452 402 502 423 460
522 399 685 431 Melampam
703 400 758 425 fors
777 400 812 425 ad
832 400 882 433 Cy-

125 441 204 466 prum
223 432 343 459 dederat.
382 436 430 459 505
448 432 483 458 ad
496 433 616 466 Cyprum
636 434 738 467 pulsus.
770 438 818 460 510
838 444 882 460 ex-

124 475 216 493 cussus
236 467 326 493 ventis
352 467 387 492 ad
410 467 492 492 litor-i
512 467 604 501 Cypri.
639 472 688 494 573
706 469 741 494 ad
761 468 882 502 Cyprum

125 501 290 527 venientem.
328 501 359 526 X
375 505 422 527 597
439 501 548 528 abiuret
567 503 679 528 Amores
699 503 811 536 Cyprus.

91 536 204 569 Cyrus]
229 539 252 568 3,
266 539 316 562 502
338 535 464 568 Tamyris
490 556 495 562 .
516 557 521 562 .
542 557 547 562 .
572 537 646 563 bella
733 547 792 563 cum
813 537 881 563 duce

124 571 268 596 Persarum
291 571 370 603 Cyro.
446 569 490 596 Or.
509 574 562 596 427
587 572 722 604 praecidit
748 572 882 605 (possedit

122 604 187 636 eod.)
206 613 321 638 regnum
340 604 474 635 Tamyris.

91 639 243 673 Cythera]
263 639 362 664 insula.
396 638 474 665 VIII
489 642 537 665 438
556 639 614 666 alta
628 640 757 673 Cythera.
793 649 814 666 r.
830 640 884 666 Ve-

124 682 183 699 nus.

90 707 286 741 Cythereus]
305 715 328 733 r.
347 707 462 733 Aeneas.
533 708 709 741 Cytherea]
729 717 750 735 r.
766 709 865 735 Venus.

90 743 236 774 (Danae)]
257 742 292 767 II
305 745 336 767 22
354 742 436 768 cadat
454 750 553 768 aureus
572 743 667 769 imber.
706 743 734 768 X
750 747 779 769 74
797 744 834 769 sit
853 745 884 769 ut

124 777 218 802 imber.

90 811 268 843 Danaeius]
298 810 342 837 Or.
358 814 404 836 774
423 811 546 837 Danaeia
563 811 644 848 (dane
660 812 695 844 Β)
715 813 804 838 mater
824 811 882 845 Gly-

123 847 270 872 taemestra.
308 848 354 871 969
373 845 495 871 Danaeia
513 845 583 872 festa
603 846 686 878 (fecta
700 847 731 879 B,
751 847 825 872 facta
841 850 881 879 Α),

123 887 194 913 quae
213 880 349 905 thalamos
370 879 457 905 fecere
475 888 564 914 rogos

91 914 237 947 Danaus]
259 917 281 946 3,
295 917 344 940 257
360 914 490 940 historias
514 923 612 940 cunam
631 916 758 941 Danaum
777 915 881 948 gentis-

123 957 177 982 que
197 948 313 980 Quirini.
350 948 411 974 VII
427 953 471 974 114
492 949 567 982 apud
592 950 700 976 Danaos
719 949 881 983 (Byzantffl)

121 983 201 1010 VIII
216 986 263 1009 126
289 982 378 1008 Danai
404 991 465 1008 cuni
490 984 565 1009 mille
589 985 698 1011 carinis.
740 988 787 1010 128
808 993 880 1017 pug-

125 1018 195 1043 nant
218 1017 315 1043 Danai.
356 1021 404 1043 146
427 1017 530 1044 Danais
554 1018 572 1044 i.
593 1019 672 1045 Vlixi.
715 1019 764 1044 IX
781 1022 811 1045 65
834 1019 880 1044 ad-

123 1060 217 1078 versus
243 1052 350 1077 Danaos
378 1052 439 1084 quis
464 1052 598 1086 Pergama
618 1074 623 1079 .
642 1074 647 1079 .
668 1074 673 1079 .
694 1055 795 1079 tuetur.
832 1057 881 1079 100

124 1086 250 1112 Phoebus
262 1086 366 1112 Danais
380 1086 486 1112 morbos
506 1107 511 1112 .
527 1108 532 1113 .
547 1108 552 1113 .
571 1088 679 1115 inferet.
710 1091 754 1114 231
769 1088 879 1114 Danais.

128 1120 172 1147 Or.
191 1123 224 1146 34
250 1121 367 1154 superis,
406 1121 507 1147 Danais
538 1122 704 1156 quicumque
741 1122 880 1148 favebant.

123 1159 152 1182 55
174 1155 286 1189 agmine
311 1163 359 1188 pro
384 1155 508 1181 Danaum
535 1176 540 1182 .
559 1176 564 1182 .
585 1177 590 1182 .
611 1157 729 1183 lit-atam.
766 1161 811 1182 112
830 1157 880 1182 Da-

124 1198 194 1216 naae
217 1189 250 1215 de
275 1189 397 1215 turribus
421 1190 496 1216 urbis
516 1191 702 1224 Illyeenaram.
740 1194 789 1217 134
808 1191 881 1217 inter

124 1224 277 1250 Dardanias
302 1224 393 1250 clades
419 1224 599 1258 Danaumque
627 1227 790 1260 triumphos.
830 1229 882 1252 203

122 1267 173 1285 nec
192 1260 313 1285 metuam
326 1258 445 1285 Danaos.
482 1262 532 1285 310
550 1269 591 1286 res
607 1260 732 1287 Danaum
753 1260 881 1286 defossas.

122 1296 172 1320 347
188 1293 315 1319 Danaum
334 1302 396 1319 cum
414 1293 492 1319 clade
511 1302 621 1320 suorum
634 1296 729 1329 Ayam.
759 1298 807 1321 378
820 1295 880 1328 pig-

123 1328 236 1353 noribus
260 1327 387 1354 Danaum
417 1328 500 1354 Oresa
518 1329 645 1356 Electrae.
683 1334 732 1357 384
757 1338 881 1364 proceres

123 1362 259 1389 Danaum.
303 1366 356 1388 467
376 1362 486 1389 Danaos
511 1363 532 1389 si
561 1364 669 1391 vincere
698 1366 802 1391 rectum
833 1366 881 1390 est.

124 1400 173 1423 546
190 1396 301 1423 Danais.
331 1400 378 1423 589
397 1397 521 1423 Danaum
542 1400 713 1433 praescripta
731 1399 881 1425 dolentum.

125 1435 170 1457 799
188 1431 356 1457 conveniunt
375 1431 471 1458 Danai.
507 1436 556 1459 819
579 1434 652 1460 redit
670 1435 705 1460 ad
725 1434 833 1460 Danaos
852 1441 883 1459 ex

126 1465 260 1491 Thessalia
295 1466 429 1499 Mycenas.
477 1470 531 1493 848
562 1467 687 1495 Danaum
718 1468 882 1494 fortissimus

125 1500 203 1526 Aiax.
242 1504 286 1526 911
305 1502 453 1527 summates
473 1501 598 1528 Danaum
613 1504 677 1529 Arei
692 1503 756 1536 pagir
775 1502 881 1528 iudices.

91 1534 220 1568 Daniel]
245 1538 268 1567 3,
283 1538 332 1561 188
355 1543 437 1561 saeva
455 1536 598 1562 Danielem
623 1539 712 1564 rabies
732 1540 816 1571 atque
836 1546 883 1563 ora

124 1569 235 1595 leonum
253 1577 308 1595 non
327 1569 445 1604 tetigere
465 1570 549 1604 pium.

90 1603 174 1630 DAN
182 1603 271 1630 VVlV
278 1604 305 1637 S]
320 1605 464 1638 Mer.poet.
476 1610 488 1631 1
501 1605 621 1632 Danuvii
632 1605 811 1639 (Chanormn)
822 1615 883 1632 cum

126 1646 193 1672 pace
212 1638 285 1664 redit
302 1639 403 1665 Aetius.
507 1658 510 1660 ψ

90 1672 242 1707 Daphne]
263 1672 322 1699 VII
333 1677 362 1699 19
373 1673 474 1707 Apollo
489 1694 529 1700 ...
544 1682 603 1700 cum
619 1675 726 1708 peteret
739 1675 882 1709 Daphnen.

89 1707 312 1741 Dardanides]
338 1707 413 1734 VIII
422 1711 454 1734 18
472 1708 660 1734 Dardanidum
674 1709 774 1735 vindex
788 1710 883 1736 Home-

122 1750 177 1769 rus,
207 1746 258 1768 265
278 1742 448 1768 Dardanides
462 1743 596 1769 Priamus.
636 1743 687 1769 IX
698 1747 729 1769 64
749 1744 883 1770 Dardani-

128 1776 195 1811 (di)s
214 1776 275 1810 quis
288 1785 380 1803 murus
394 1777 454 1803 erit.
485 1781 531 1803 221
549 1778 718 1804 Dardanides
737 1779 755 1805 i.
772 1779 884 1805 Troiani

123 1819 218 1837 omnes.
257 1810 301 1838 Or.
320 1815 367 1838 138
385 1812 456 1838 ultio
475 1812 663 1838 Dardanidum
686 1813 882 1847 Clytaemestra.

157 1846 194 1878 ef.
213 1845 296 1872 Troia
313 1854 362 1879 eqs.

90 1880 290 1914 Dardanius]
314 1880 358 1906 Or.
369 1883 415 1907 134
433 1880 506 1906 inter
519 1880 672 1908 Dardanias
691 1882 782 1908 clades
795 1883 884 1909 Dana-

124 1923 225 1948 umque
243 1915 408 1948 triumphos.

90 1949 280 1982 Dardanus]
312 1949 387 1976 VIII
399 1952 448 1975 246
473 1949 601 1975 Dardana
620 1971 625 1976 .
643 1971 648 1977 .
668 1971 674 1977 .
694 1951 795 1977 classis,
837 1954 884 1977 336

122 1992 190 2018 gens
209 1984 344 2010 Dardana.
381 1987 431 2010 433
450 1986 544 2017 pastor
630 1985 771 2011 Dardanus
793 1986 883 2012 Paris.

124 2019 170 2044 Or.
189 2021 237 2045 632
255 2018 383 2044 Dardana
403 2039 428 2044 ..
442 2038 448 2044 .
468 2020 565 2045 castra.

89 2052 205 2086 David]
225 2056 249 2085 2,
261 2056 308 2079 664
327 2053 416 2079 David
429 2053 559 2079 adulterii
573 2053 680 2079 facinus
699 2075 704 2080 .
719 2075 724 2080 .
739 2076 744 2081 .
765 2055 882 2088 peregit.

121 2090 170 2113 sat.
197 2091 242 2114 158
261 2087 349 2113 David
374 2089 402 2114 et
429 2087 473 2113 hic
497 2088 597 2121 (David
622 2090 650 2114 et
669 2088 750 2122 ΕΜ.)
775 2089 883 2115 sceleris

124 2123 212 2148 certus
231 2122 340 2148 adulter
358 2122 438 2148 inest.

89 2155 286 2191 Davidicus]
312 2157 382 2190 an.
401 2164 421 2183 c.
444 2165 506 2190 app.
531 2160 554 2189 2,
574 2160 590 2182 2
616 2157 762 2184 Davidicos
790 2158 883 2191 (-ticos

122 2190 202 2223 codd.)
222 2211 227 2218 .
244 2211 249 2217 .
267 2212 272 2217 .
292 2199 402 2225 campos
418 2191 540 2223 psalmos.

90 2225 217 2259 Decius]
238 2226 307 2252 Mer.
317 2228 389 2259 poet.
404 2229 448 2252 117
466 2225 572 2257 Decius,
592 2234 708 2260 propero
728 2227 816 2253 lucem
835 2227 882 2261 qui

122 2260 176 2286 fine
194 2260 305 2290 refudit,
324 2260 370 2286 sed
389 2260 491 2286 famam
510 2260 568 2286 sine
588 2261 641 2286 fine
660 2262 745 2288 tenet.

89 2294 276 2328 Deidamia]
302 2294 351 2320 IX
370 2298 421 2321 200
447 2294 550 2320 blanda
634 2295 777 2322 Deidamia
796 2296 882 2322 Achil-

123 2328 170 2354 lem
187 2329 306 2355 reducem
324 2331 459 2362 exspectat.
530 2333 578 2356 197
596 2330 729 2364 coniugis.

89 2363 250 2397 Deiopea]
271 2363 308 2389 ΙΙ
323 2366 366 2390 131
386 2363 506 2397 Deiopea
525 2365 650 2397 nympha.

91 2397 221 2432 Delius]
245 2397 289 2424 Or.
306 2402 336 2425 95
352 2398 433 2424 Delia
451 2406 473 2424 v.
491 2398 590 2425 Diana.

89 2432 198 2466 Delos]
221 2432 251 2458 X
267 2436 314 2459 594
337 2432 418 2458 Delos
445 2432 474 2458 in
493 2433 581 2459 undas
600 2433 715 2459 fluctuet
734 2433 762 2458 et
780 2435 882 2467 paveat

122 2468 217 2500 partus
236 2466 366 2493 meruisse
385 2467 505 2494 deorum.

89 2500 288 2535 Delphicus]
311 2501 383 2528 VI5
401 2502 524 2535 potestas
543 2501 678 2533 Delphica
692 2502 795 2535 Apollo.
837 2501 881 2527 Or.

122 2539 169 2562 273
192 2535 214 2561 si
239 2537 350 2562 centum
372 2536 482 2562 flatibus
508 2538 571 2561 acta
593 2536 728 2570 Delphica
753 2536 881 2562 fatidicos

123 2571 250 2603 quateret
268 2570 374 2596 cortina
393 2578 521 2596 recessus.

89 2603 207 2638 Diana]
226 2608 249 2637 3,
263 2608 311 2630 217
327 2604 446 2638 Dianae,
473 2612 544 2638 quae
569 2605 639 2630 solet
661 2605 801 2631 insontum
821 2604 880 2630 fuso

122 2639 242 2670 gaudere
269 2647 363 2666 cruore
475 2639 630 2672 hospitibus
658 2640 750 2665 caesis.
791 2639 815 2666 V
833 2642 882 2664 139

123 2673 241 2699 Taurica
259 2674 376 2700 crudelis
397 2674 471 2700 mitis
489 2675 583 2699 tamen
602 2682 650 2699 ara
668 2674 781 2700 Dianae.
810 2673 882 2699 Χ10

123 2707 232 2741 hospite
251 2716 329 2734 caeso
349 2708 451 2735 serviat
471 2707 567 2734 Medea
585 2710 613 2734 et
626 2708 769 2741 Scythicae
789 2709 881 2734 currat

124 2750 172 2775 per
196 2743 302 2776 templa
320 2743 437 2769 Dianae.
473 2746 504 2768 64
524 2743 629 2776 templa
647 2743 825 2776 pharetratae
840 2762 844 2768 .
857 2762 879 2768 ..

123 2776 235 2803 Dianae.
272 2781 317 2803 154
336 2777 425 2803 Diana
444 2777 522 2809 ferae,
543 2785 636 2803 cervos
655 2779 683 2803 et
702 2778 785 2812 figere
805 2777 880 2802 dam-

123 2819 180 2837 mas
193 2811 307 2838 adsolet.
341 2815 387 2838 177
399 2811 505 2838 saevior
517 2820 566 2837 ara
578 2811 691 2838 Dianae.
728 2815 773 2838 185
786 2812 878 2837 castae

990 284 995 290 .
1011 285 1016 290 .
1036 273 1111 290 arma
1130 266 1242 292 Dianae.
1275 269 1324 293 188
1343 267 1463 293 Triviam
1484 269 1518 299 te,
1538 268 1615 294 Luna
1627 270 1728 302 Diana,

970 299 1100 325 confiteor
1118 302 1251 332 perstans,
1272 301 1348 326 heres
1362 302 1524 335 Proserpina
1544 304 1645 329 mundi.
1678 308 1730 330 235

969 341 1046 358 sacra
1070 333 1175 359 Dianae
1195 335 1252 367 (Or.
1269 338 1315 367 73).
1351 339 1399 361 277
1417 337 1520 369 templa
1545 337 1650 363 Dianae
1669 338 1729 371 (Or.

971 371 1024 393 194.
1047 369 1114 399 867).
1150 372 1201 394 300
1227 369 1322 395 Diana.
1358 373 1405 395 326
1432 371 1559 396 fervescit
1584 380 1679 397 amans
1704 374 1731 398 et

972 402 1049 427 casta
1076 401 1166 428 Diana
1190 405 1329 436 pastorem
1357 406 1478 429 confessa
1497 405 1594 432 virum.
1635 406 1679 432 Or.
1700 411 1733 432 47

973 437 1037 461 vota
1056 436 1147 462 soluta
1172 437 1285 464 Dianae.
1322 441 1352 464 81
1376 439 1521 464 miserante
1548 440 1644 466 Diana.
1683 445 1730 466 104

972 470 1105 496 flammari
1124 472 1206 497 corda
1226 472 1341 498 Dianae.
1411 477 1434 504 3,
1448 478 1492 498 221
1511 474 1627 499 crudelis
1648 475 1730 507 virgi-

972 504 1013 529 nis
1041 513 1095 530 ara.
1141 505 1171 531 X
1192 509 1243 531 288
1273 506 1347 532 deae.
1393 507 1436 532 Or.
1456 511 1487 532 45)
1514 508 1627 533 numina
1656 512 1731 534 casta

977 538 1052 564 deae.
1090 542 1122 564 86
1140 540 1289 572 plcetriferi
1314 549 1445 572 germana
1469 541 1524 572 dei,
1550 542 1644 568 Letoia
1668 544 1731 575 (lec—

973 573 1036 598 tuia
1056 573 1088 602 B,
1108 573 1205 599 letima
1223 575 1259 607 A)
1278 575 1395 600 Phoebe.
1432 579 1463 601 95
1483 576 1569 602 Delia.
1639 586 1660 603 r.
1682 577 1730 603 La-

975 607 1064 638 tonia,
1084 608 1169 639 Luna,
1189 609 1306 639 Phoebe,
1326 609 1445 640 Titania,
1466 610 1567 636 Trivia.

939 641 1121 676 Dictaeus]
1142 651 1162 669 r.
1183 643 1310 669 Ariadne.

938 675 1033 708 Dido]
1055 678 1078 707 3,
1094 680 1140 702 512
1159 677 1234 703 dives
1248 677 1317 703 Dido
1337 678 1421 711 fugax
1436 686 1484 710 ραις,
1550 687 1571 705 r.
1586 679 1731 705 Elissaeus.

940 710 1120 744 Diomedes]
1134 711 1219 737 IX69
1233 712 1293 745 quis
1308 712 1393 738 hostis
1407 712 1544 738 Diomedis
1558 713 1618 739 erit.
1662 714 1733 739 VIII

977 748 1025 770 324
1049 745 1169 777 Tydides
1198 746 1407 779 Sthenelusque.
1443 751 1491 772 647
1508 747 1620 773 classica
1648 748 1732 780 Tydi-

976 779 1018 804 dis
1037 780 1209 805 committere
1234 781 1306 806 bella
1325 783 1445 814 putares.
1483 781 1530 806 IX
1550 785 1579 807 73
1598 782 1731 814 Tydidem

980 814 1085 839 Aeneas
1104 814 1210 840 rediens
1230 815 1256 840 in
1273 815 1344 841 bella
1363 816 1495 841 lacesset?
1561 816 1603 841 Or.
1617 820 1664 842 637
1681 816 1732 842 for-

972 847 1025 873 tior
1044 847 1169 880 Oenides,
1190 850 1283 875 sollers
1303 850 1427 875 Laertius
1447 850 1533 876 heros.

937 882 959 907 D
969 882 1034 942 ixplin
1043 882 1148 916 edens]
1173 883 1216 910 Or.
1230 887 1274 909 631
1289 884 1449 910 Diomedeos
1463 893 1570 917 gressus
1585 884 1731 911 comitatus

1010 925 1074 942 ixes.

935 951 1084 977 Dionaeu
1093 950 1113 983 s]
1141 951 1271 977 17111515
1290 951 1428 977 Dionaeae
1449 952 1543 978 matris
1564 960 1583 977 r.
1599 952 1700 978 Venus.

936 985 1050 1018 Dione]
1072 994 1092 1011 v.
1116 985 1213 1011 Venus.

936 1019 1081 1046 DIONYS
1089 1020 1154 1052 [VS]
1174 1022 1282 1053 martyr.
1302 1020 1479 1053 an.c.‹1.pp.
1494 1024 1523 1046 52
1544 1021 1660 1053 hymnus
1683 1041 1688 1046 .
1706 1042 1711 1047 .
1727 1042 1731 1047 .

968 1054 1001 1079 de
1026 1056 1120 1080 sancto
1144 1054 1282 1087 Dionysio.
1317 1058 1355 1086 52,
1372 1058 1384 1080 7
1402 1055 1535 1087 Dionysii.
1575 1059 1604 1080 12
1626 1055 1730 1088 Diony-

973 1098 1051 1114 suun.

935 1123 999 1155 Dis]
1027 1123 1159 1148 VIII465
1179 1122 1279 1147 miluus
1299 1142 1304 1148 .
1319 1142 1324 1147 .
1341 1142 1346 1146 .
1366 1121 1436 1147 Ditis
1457 1142 1462 1147 .
1477 1143 1481 1148 .
1497 1142 1501 1147 .
1522 1122 1654 1155 signatur
1666 1124 1732 1150 avis.

972 1157 1002 1183 X
1018 1161 1061 1183 191
1081 1157 1152 1183 atria
1171 1156 1251 1181 Ditis.
1327 1156 1404 1182 VIII
1419 1160 1466 1182 477
1485 1156 1583 1182 inferni
1604 1178 1609 1183 .
1624 1178 1629 1183 .
1647 1178 1652 1183 .
1672 1167 1733 1192 rap-

973 1192 1047 1218 toris.
1086 1191 1133 1217 IX
1152 1195 1197 1216 119
1217 1190 1317 1216 inferni
1403 1190 1455 1216 dei.
1527 1192 1562 1222 ef.
1582 1191 1672 1218 Pluto.

934 1226 1086 1259 Doricus]
1122 1225 1198 1251 VIII
1214 1229 1259 1251 127
1282 1225 1381 1251 Dorica
1405 1226 1494 1250 castra
1522 1226 1650 1252 fremunt.
1685 1230 1733 1253 228

971 1261 1070 1287 Dorica
1089 1268 1183 1293 regna.

935 1295 1086 1329 Dorylas]
1111 1295 1153 1321 Or.
1173 1298 1220 1320 352
1246 1293 1362 1326 Dorylas
1382 1293 1500 1324 (dodilas
1520 1294 1556 1324 Β,
1578 1294 1678 1321 dol-iles
1698 1296 1732 1326 A)

970 1331 1086 1356 libertus
1105 1329 1210 1355 Atridis
1234 1330 1261 1354 et
1287 1328 1365 1361 pueri
1386 1328 1505 1354 nutritor
1526 1330 1587 1354 erat
1606 1349 1611 1354 .
1628 1349 1652 1354 ..
1673 1330 1734 1355 Ore-

969 1365 1026 1391 stis.
1062 1368 1113 1390 640
1132 1363 1252 1395 Dorylas
1272 1362 1402 1394 (doloiras
1421 1363 1461 1393 B,
1486 1363 1587 1388 dorilas
1606 1364 1650 1395 A).
1686 1367 1735 1389 643

971 1399 1089 1432 Dorylas
1118 1398 1232 1429 (dorilas
1262 1396 1345 1428 codd.)
1416 1400 1469 1422 460
1498 1397 1613 1423 libertus
1641 1398 1733 1423 sollers

970 1434 1090 1459 nutritor
1109 1432 1221 1459 Orestis.
1257 1434 1306 1457 663
1326 1431 1425 1457 senior.
1495 1439 1589 1457 nomen
1613 1440 1668 1457 ozon
1686 1433 1733 1458 ali-

970 1468 1043 1493 unde
1061 1470 1161 1493 notam.

937 1501 1180 1529 DRACONTIV
1188 1501 1214 1533 S]
1234 1503 1412 1533 ercerptoram
1427 1500 1522 1525 taulus
1542 1500 1570 1525 in
1588 1500 1621 1526 C:
1640 1509 1732 1526 versus

973 1537 1082 1563 centoni
1102 1545 1135 1562 ex
1148 1536 1224 1561 libris
1238 1535 1382 1561 Dracontii
1400 1534 1429 1559 in
1444 1534 1571 1560 laudibus
1590 1535 1633 1560 dei
1654 1537 1681 1561 et
1700 1536 1733 1561 de

973 1580 1023 1597 sua
1044 1571 1217 1604 paenitentia
1240 1573 1262 1595 et
1280 1572 1341 1595 ante
1362 1569 1473 1594 alteram
1488 1572 1608 1601 partem:
1633 1569 1733 1603 incipit

973 1606 1092 1632 eiusdem
1120 1604 1261 1631 Dracontii
1288 1605 1320 1629 de
1345 1603 1452 1636 origine
1478 1603 1574 1629 mundi
1592 1603 1625 1628 ab
1646 1604 1733 1630 Adam

972 1643 999 1666 et
1018 1640 1083 1666 Eva.
1120 1640 1151 1665 ἰ”η
1171 1641 1195 1664 A
1214 1639 1251 1664 bis
1269 1638 1387 1672 margini
1406 1637 1568 1670 adscriptimz
1587 1640 1623 1663 est
1642 1639 1734 1664 litteris

971 1676 1001 1700 in
1016 1675 1119 1708 pagyiiza
1132 1673 1359 1699 descendentibus:
1378 1672 1556 1705 Dragontius.
1586 1672 1615 1697 in
1627 1672 1668 1698 D:
1689 1673 1731 1698 In-

972 1710 1041 1743 cipit
1060 1709 1212 1735 satisfactio
1232 1707 1349 1733 Traconi
1369 1707 1403 1732 ad
1424 1706 1671 1733 (iunthamundum
1692 1716 1732 1733 re-

971 1753 1042 1777 gem.
1084 1744 1115 1768 in
1138 1743 1170 1768 V:
1198 1742 1314 1775 explicit
1340 1741 1493 1767 satisfactio
1525 1741 1665 1767 Dracontii
1697 1742 1731 1767 ad

972 1778 1198 1805 Guthaniundum
1223 1785 1315 1809 regem
1339 1776 1545 1802 Guandalorum
1572 1775 1635 1801 dum
1663 1778 1733 1802 esset

973 1814 1001 1838 in
1021 1812 1147 1838 vinculis.
1183 1812 1212 1836 'ivn
1232 1811 1349 1845 Enyenii
1366 1809 1456 1835 codd:
1482 1809 1621 1843 incipiunt
1644 1810 1731 1836 libelli

973 1847 1129 1877 Dracontii,
1145 1846 1236 1880 praef.
1254 1846 1312 1871 hex.
1331 1848 1357 1871 3:
1378 1844 1518 1870 Dracontii
1539 1844 1680 1870 cuiusdam
1700 1846 1732 1870 li-

974 1882 1069 1908 bellos.
1100 1884 1165 1914 poet.
1179 1884 1210 1906 24
1230 1879 1345 1913 parvula
1365 1878 1509 1912 praeparvi
1523 1878 1653 1904 Draconti
1675 1888 1732 1905 car-

972 1917 1048 1942 mina
1068 1915 1138 1941 libri.
1175 1914 1286 1940 deinde:
1305 1913 1404 1947 incipit
1422 1913 1565 1938 Dracontii
1585 1913 1654 1938 liber
1678 1914 1732 1947 pri-

973 1960 1040 1976 mus.
1072 1952 1132 1975 (tate
1150 1952 1213 1975 sat:
1232 1948 1331 1981 incipit
1352 1948 1422 1973 liber
1441 1947 1575 1973 sccundus
1588 1947 1731 1973 Dracontii

972 1985 1125 2011 satisfactio
1144 1992 1192 2017 pro
1212 1992 1248 2009 se.
1279 1983 1308 2007 in
1322 1982 1361 2008 N:
1381 1982 1498 2015 Ipraef.
1515 1982 1652 2015 praefatio
1666 1982 1731 2008 Dra-

972 2020 1057 2046 contii
1077 2018 1204 2052 discipuli
1218 2018 1253 2043 ad
1266 2017 1477 2050 grammaticum
1491 2015 1661 2042 Felicianum
1683 2017 1730 2042 uhi

972 2054 1046 2080 dicta
1071 2056 1118 2079 est.
1154 2053 1177 2079 V
1193 2052 1302 2078 subscr„-
1327 2050 1511 2077 controversia
1539 2052 1649 2076 statuae
1679 2051 1730 2076 viri

971 2089 1049 2114 fortis
1060 2096 1142 2121 quani
1152 2087 1224 2112 dixit
1237 2087 1264 2112 in
1277 2085 1446 2119 Gargilianis
1455 2085 1567 2110 thermis
1578 2085 1730 2111 Blossius

971 2123 1115 2148 Emilius
1129 2121 1334 2147 Dracontius
1347 2120 1389 2146 vir
1402 2119 1568 2145 clarissimus
1580 2120 1607 2145 et
1620 2120 1731 2153 togatus

970 2158 1020 2183 fori
1052 2156 1221 2190 proconsulis
1249 2155 1338 2180 almae
1362 2154 1542 2187 Karthaginis
1571 2154 1645 2187 apud
1669 2163 1729 2187 pro-

971 2192 1110 2218 consulem
1138 2189 1345 2223 Pacide[g]ium.
1388 2188 1467 2214 VIII
1494 2188 1636 2214 Dracontii
1663 2197 1731 2221 opus

972 2227 1005 2252 de
1028 2227 1111 2259 raptu
1135 2225 1264 2251 Helenae.
1303 2223 1333 2249 X
1351 2222 1494 2249 Dracontii
1515 2222 1619 2260 Medea.
1654 2223 1730 2255 flou-il.

971 2261 1065 2286 Veron.
1093 2261 1114 2292 f.
1138 2264 1168 2285 1r
1190 2259 1236 2285 col.
1256 2262 1271 2284 2
1301 2259 1345 2283 lin.
1368 2263 1381 2283 1
1409 2258 1512 2283 Bloxus
1536 2266 1565 2282 in
1589 2257 1730 2283 Romulea.

969 2299 1009 2327 3Γ,
1032 2298 1098 2326 2,23
1118 2294 1214 2320 Blosus
1238 2293 1267 2318 in
1289 2293 1423 2318 Romulea
1441 2292 1514 2323 (item
1534 2296 1578 2323 4r,
1596 2295 1619 2323 2,
1631 2295 1667 2317 12.
1688 2296 1729 2323 8⁷,

970 2334 990 2362 1,
1004 2330 1052 2359 17).
1091 2328 1174 2359 Corio,
1195 2327 1340 2354 L'historia
1358 2326 1386 2352 di
1407 2326 1513 2352 Malcmo
1530 2334 1556 2358 p.
1574 2329 1603 2351 13
1622 2326 1730 2351 Transi-

970 2363 1070 2390 mondo
1161 2363 1178 2388 a
1196 2362 1277 2388 laude
1301 2361 1343 2387 del
1369 2361 1450 2394 quale
1474 2360 1624 2386 Dracontio
1648 2363 1731 2393 poeta

971 2399 1191 2432 elegantemente
1210 2397 1313 2422 scrisse.
1350 2395 1413 2421 Isid.
1436 2394 1486 2420 viri
1511 2394 1547 2419 ill.
1561 2397 1592 2419 24
1611 2394 1731 2420 Dracon-

970 2433 1024 2459 tius
1038 2431 1192 2465 composuit
1211 2430 1327 2457 heroicis
1341 2430 1463 2455 versibus
1478 2429 1643 2454 hexameron
1657 2438 1730 2454 crea-

970 2467 1052 2493 tionis
1081 2466 1177 2492 mundi
1205 2467 1232 2491 et
1257 2465 1396 2490 luculente
1423 2463 1535 2497 quidem
1567 2464 1729 2496 composuit.

1037 2501 1186 2533 discipulas
1211 2499 1346 2525 Relictam
1370 2497 1534 2531 yrammatici
1562 2498 1594 2527 (I
1616 2498 1686 2529 ΙΙΙ),
1713 2507 1730 2523 a

968 2544 1019 2568 qao
1042 2535 1185 2568 praecipue
1211 2537 1294 2559 artem
1318 2534 1445 2566 poeticam
1474 2531 1565 2556 didicit
1595 2532 1659 2563 (III
1681 2534 1728 2565 17),

967 2570 1036 2595 iwris
1051 2570 1152 2602 peritus
1170 2572 1193 2594 et
1212 2571 1319 2602 cassatas
1337 2567 1375 2600 (V
1393 2567 1490 2593 subscr.
1510 2569 1533 2597 3,
1549 2569 1598 2592 630
1617 2566 1729 2592 veniam

969 2604 1070 2629 donare
1098 2605 1191 2629 suetus
1213 2603 1248 2628 ad
1272 2602 1398 2635 quaesita
1420 2601 1481 2626 reis
1522 2604 1569 2626 654
1588 2600 1727 2633 quondam

970 2638 1121 2664 retinebam
1148 2638 1209 2663 iura
1233 2639 1359 2669 togatus.
1388 2635 1475 2662 exemi
1503 2634 1535 2660 de
1555 2637 1728 2673 uiortetreos,

970 2673 1138 2707 patrimonia
1161 2672 1242 2697 nudis
1262 2671 1374 2696 divitias
1394 2678 1452 2695 inea
1474 2669 1570 2701 lingua
1589 2669 1665 2694 dedit
1685 2678 1726 2694 ra-

969 2708 1086 2741 puitque
1111 2706 1217 2733 tenenti
1243 2715 1275 2731 ac
1293 2705 1391 2731 servile
1411 2704 1507 2737 iugum
1527 2703 1569 2728 vel
1589 2703 1728 2729 libertatis

968 2743 1107 2767 honorem.
1144 2741 1204 2766 VII
1218 2744 1262 2766 123
1281 2740 1352 2765 inter
1371 2739 1431 2764 iura
1450 2738 1586 2771 poetam)v
1605 2740 1644 2762 sat
1662 2738 1729 2762 {lires

969 2780 1002 2808 (3,
1016 2780 1064 2802 605
1077 2775 1189 2809 agmina.
1202 2783 1339 2800 servorum
1355 2774 1476 2806 fugiunt,
1497 2773 1630 2804 tempsere
1645 2772 1728 2810 clien-

969 2812 1017 2836 tes.
1057 2814 1103 2836 724
1121 2809 1157 2835 sit
1176 2809 1286 2835 fortuna
1306 2808 1398 2839 redux,
1417 2807 1450 2838 ef.
1469 2808 1536 2837 600),
1552 2809 1630 2839 pater
1647 2807 1728 2838 fami-

1476 2856 1525 2883 38⁵5*
