2106 3061
809 196 964 223 ORESTES
1642 206 1660 233 2
1669 206 1676 234 l
1685 206 1702 234 9

458 287 490 315 et
512 284 594 326 pede
619 287 740 315 tractus
766 286 819 315 eat
843 284 911 315 fera
934 285 1064 315 victima
1087 287 1173 326 regis
1191 286 1322 320 Atridis,

459 336 624 367 carnifices
648 336 798 377 frangant
822 336 993 367 durissima
1016 337 1159 368 membra
1184 348 1315 369 secures

458 391 490 419 et
513 391 626 429 pereat
650 390 758 429 pastor
781 398 844 429 qua
868 398 977 429 regem
1002 391 1102 419 morte
1127 390 1279 430 peremit:

456 442 529 470 ante
555 442 665 470 tamen
689 442 831 470 nostram
857 438 1030 481 perfundat
1053 440 1209 481 sanguine
1235 440 1405 472 dextram?

455 490 538 522 dixit
562 494 595 522 et
618 494 767 522 exertum
793 491 889 521 costis
915 491 1108 522 inmerserat
1133 501 1253 523 ensem.

370 550 419 576 725
457 543 567 573 saucia
590 542 735 573 membra
758 542 891 573 trahunt
915 541 1024 572 famuli
1050 541 1131 584 pede
1157 543 1263 574 vincla
1286 543 1425 583 ligantes

454 597 588 635 postque
612 593 698 625 fores
723 596 846 635 portae,
871 594 985 634 quibus
1009 596 1056 624 est
1080 597 1258 635 prostratus
1275 594 1415 629 Atrides,

455 645 581 676 ossibus
605 645 743 676 effractis
767 645 915 676 minuunt
939 655 996 686 per
1020 645 1106 675 mille
1131 655 1271 684 secures,

455 702 487 727 et
510 697 593 728 male
616 696 749 738 partitos
773 706 830 738 per
855 695 989 727 vulnera
1013 696 1150 737 palpitat
1174 700 1270 727 artus.

454 750 487 778 at
510 748 660 789 genetrix
684 747 784 778 dilata
807 749 899 788 putat
924 746 983 777 sibi
1007 757 1141 788 parcere
1166 750 1274 778 natum

368 807 419 834 7:30
455 802 486 830 et
510 810 626 831 secura
651 799 700 830 sui
724 799 788 830 iam
812 809 869 840 pro
894 801 1025 840 pastore
1051 798 1194 836 dolebat,

455 861 527 882 cum
552 851 658 882 subito
682 851 883 882 truculentus
911 849 1003 881 adest
1027 851 1185 882 inmanior
1208 850 1300 881 hoste

453 903 566 934 matris
591 903 623 934 in
647 903 782 934 exitium
806 901 998 933 famulorum
1023 902 1116 932 nixus
1141 902 1274 933 Orestes

454 955 583 996 agmine
607 954 767 993 terribilis,
793 954 847 996 qui
871 956 999 995 captam
1023 954 1110 985 crine
1135 954 1283 985 trahebat

453 1007 663 1048 increpitans:
686 1004 818 1047 ‘inpune
842 1008 933 1036 tuum
957 1008 1030 1047 post
1052 1005 1167 1036 funera
1187 1006 1287 1046 patris

367 1067 416 1093 735
454 1059 593 1100 sperasti
617 1068 753 1100 regnare
778 1057 870 1089 nefas
895 1057 1083 1098 tumuloque
1107 1058 1250 1098 parentis

453 1110 586 1151 iungere
610 1112 759 1140 natorum
784 1109 913 1140 voluisti
936 1109 1003 1140 fata
1027 1108 1185 1139 duorum?

453 1162 526 1193 vivo
551 1161 682 1203 (vides),
706 1161 865 1192 scelerata
889 1171 1015 1203 parens,
1040 1160 1177 1191 moriere
1202 1162 1333 1191 cruente

454 1213 511 1244 sed
534 1213 683 1244 manibus
707 1213 854 1254 iugulata
877 1213 956 1244 meis
981 1223 1078 1254 super
1101 1222 1174 1242 ossa
1198 1210 1324 1242 mariti.²

454 1265 646 1296 conturbata
669 1275 786 1306 parens
811 1264 905 1295 nudis
930 1267 1046 1296 exerta
1069 1264 1198 1305 papillis

367 1326 418 1352 740
453 1317 567 1348 orabat
590 1320 715 1347 natum:
740 1316 809 1358 ‘per
833 1316 923 1355 haec,
948 1326 1036 1357 puer,
1060 1315 1170 1354 ubera,
1195 1317 1306 1356 parce!

452 1379 510 1410 per
533 1379 669 1410 superos
693 1371 884 1410 patremque
909 1371 1009 1405 tuum,
1034 1377 1092 1409 per
1116 1377 1189 1398 cara
1212 1366 1330 1397 sororis

451 1423 595 1462 pectora,
620 1430 702 1461 quae
726 1423 835 1451 nostro
860 1422 892 1450 te
916 1422 992 1450 tunc
1016 1429 1152 1460 rapuere
1177 1418 1286 1454 furori,

453 1476 486 1504 et
508 1482 567 1514 per
589 1471 743 1514 Pyladen,
769 1471 853 1513 quod
877 1471 948 1513 plus
973 1474 1032 1510 est,
1057 1474 1158 1501 testor
1181 1470 1333 1501 amicum:

451 1523 493 1555 da
516 1524 654 1563 veniam,
678 1524 842 1561 miserere,
867 1533 990 1565 precor,
1014 1523 1168 1554 miserere
1193 1521 1331 1563 parenti,

366 1584 415 1610 745
453 1576 478 1607 si
502 1575 564 1607 dici
589 1586 658 1607 sum
683 1575 781 1617 (ligna
803 1574 943 1616 parens.³
987 1578 1054 1605 tum
1078 1577 1173 1605 natus
1197 1573 1320 1604 ‘inanes

451 1627 572 1669 perdis³
596 1628 640 1658 ait
660 1627 832 1666 ‘lacrimas,
857 1627 985 1668 genitor
1007 1629 1039 1657 te
1064 1628 1215 1667 expectat
1239 1624 1279 1655 ad
1304 1625 1445 1656 umbras.

450 1680 528 1711 Ilias
552 1680 710 1721 ingemuit
733 1679 852 1710 domini
877 1677 1063 1710 Cassandra
1086 1678 1211 1708 ruinam

450 1742 509 1763 nee
526 1731 600 1763 ferit
613 1730 842 1762 Andromache
857 1730 1016 1761 famulans
1030 1732 1103 1771 post
1117 1729 1262 1760 Hectora
1276 1728 1445 1770 Pyrrhum,

452 1794 523 1815 cum
547 1783 659 1825 regina
683 1782 848 1824 Phrygum
872 1782 965 1814 fieret
988 1782 1115 1823 captiva
1138 1781 1329 1821 Pelasgum:

365 1843 415 1870 750
451 1835 597 1877 praelato
621 1837 751 1876 pastore
776 1834 866 1865 ducis
892 1837 926 1865 tu
950 1833 1032 1865 colla
1055 1835 1216 1864 cruentas.

450 1887 531 1919 haec
555 1887 633 1918 mihi
656 1886 797 1928 Pylades
822 1896 913 1917 meus
937 1886 1074 1927 imperat
1098 1888 1130 1915 et
1155 1895 1245 1915 soror
1268 1887 1372 1925 urget,

450 1942 485 1970 ut
508 1940 613 1970 iaceas
636 1949 790 1970 mucrone
814 1948 898 1977 meo,
922 1937 1106 1968 truculenta
1129 1935 1263 1977 virago,³

451 1994 502 2022 ast
525 1991 580 2022 ubi
603 1991 648 2022 nil
670 1990 774 2032 potuit
797 1989 912 2020 mulier
936 1989 975 2020 de
1000 1989 1088 2030 prole
1112 1988 1239 2025 mereri,

451 2053 528 2074 mox
551 2042 686 2074 redeunt
710 2042 816 2073 animo
841 2041 1004 2082 Phrygiae
1028 2040 1200 2082 praesagia
1225 2039 1318 2069 vatis.

365 2103 415 2129 755
451 2093 489 2126 ‘si
514 2095 620 2136 placet
643 2094 754 2125 ulcisci
778 2088 965 2135 genitorens
992 2092 1075 2123 dixit
1097 2091 1141 2122 ‘in
1165 2090 1288 2130 ambos,

451 2146 582 2188 Pyladis
606 2156 657 2177 me
681 2145 797 2177 dextra
819 2148 925 2184 necet,
951 2147 1046 2175 necet
1071 2143 1157 2175 ensis
1183 2146 1214 2174 et
1238 2142 1333 2182 idem,

372 293 422 319 Ξ,

160 2250 211 2276 720
228 2251 322 2276 atridae
345 2251 369 2275 A
477 2249 525 2275 721
546 2251 642 2275 securis
667 2250 699 2281 B,
723 2251 805 2275 securi
828 2250 852 2274 A
952 2248 1001 2273 7⁶22
1022 2257 1080 2281 rege
1100 2248 1123 2272 J:
1219 2247 1268 2272 727
1292 2248 1405 2272 etfraetis
1429 2247 1452 2271 R
1548 2246 1597 2271 729
1620 2247 1658 2270 Ad
1679 2246 1701 2270 I:

93 2293 143 2319 730
166 2295 215 2318 iam
239 2294 271 2326 A,
299 2298 358 2326 apto
377 2294 459 2326 spalio
478 2294 565 2318 relicto
585 2302 633 2318 om,
658 2293 682 2317 B
769 2292 818 2317 73⁸2
851 2293 921 2317 nisus
942 2292 964 2316 A
1060 2290 1109 2315 733
1127 2282 1232 2315 crini'iine
1251 2291 1350 2315 traebat
1373 2290 1397 2314 B
1484 2289 1533 2314 738
1553 2291 1583 2313 Et
1602 2290 1701 2321 Miihlss,

58 2338 98 2362 Sic
122 2337 214 2368 opinor
306 2336 355 2362 739
380 2337 497 2361 mamillis
521 2336 545 2360 A
639 2335 690 2360 740
709 2344 738 2368 pe
757 2336 804 2360 hcc
827 2343 889 2367 puer
913 2335 993 2359 ubera
1012 2334 1043 2365 L',
1069 2343 1131 2366 puer
1150 2335 1196 2358 ista
1215 2342 1259 2366 per
1278 2334 1356 2358 ubera
1377 2334 1408 2361 A,
1429 2342 1472 2366 per
1492 2341 1538 2365 ego
1556 2333 1617 2357 hacc
1635 2341 1657 2364 p.
1676 2341 1699 2356 n.

57 2379 149 2410 Peiper
234 2378 282 2404 741
303 2388 360 2404 cara
379 2379 535 2411 Rothmaler,
554 2379 622 2403 clara
642 2378 692 2402 BA
778 2377 828 2402 74⁶2
847 2379 978 2408 I'ectoraq:
998 2377 1022 2401 R
1092 2378 1176 2401 surore
1196 2377 1219 2400 J}
1304 2375 1354 2401 743
1374 2376 1480 2408 piladem
1500 2375 1522 2399 Al
1593 2379 1659 2400 estoi-
1678 2375 1701 2398 ]›¹

91 2421 142 2446 744
163 2426 266 2455 parente
289 2423 320 2453 B,
344 2422 456 2455 parentis
484 2422 515 2451 A,
542 2430 609 2446 corr.
629 2421 748 2453 Westlzoff
844 2419 895 2445 745
921 2421 983 2444 dicis
1010 2419 1033 2443 B
1112 2424 1139 2444 tu
1164 2424 1240 2444 natus
1264 2420 1287 2444 B
1391 2417 1439 2443 74ss
1463 2423 1487 2443 te
1511 2418 1701 2450 expectatam(

57 2466 168 2498 mnplius
189 2466 214 2490 B
312 2465 362 2490 748
384 2469 442 2498 post
465 2465 524 2490 hcet
546 2465 585 2489 71ἱῖ
611 2464 721 2496 amplius
745 2464 769 2488 Β
873 2463 921 2488 751
947 2464 1008 2487 hacc
1032 2471 1101 2487 soror
1123 2472 1174 2487 mm
1198 2463 1265 2487 ἠιαῖε
1284 2462 1407 2493 Russberys
1511 2460 1560 2486 752>
1579 2462 1658 2485 iactas
1679 2460 1701 2484 R

91 2510 167 2541 uirgo
181 2509 205 2533 B
275 2508 325 2534 754
344 2509 411 2534 vatis
425 2508 528 2539 Sinner,
547 2509 609 2533 satis
624 2508 655 2539 B,
675 2508 749 2532 sortis
765 2507 788 2531 A
861 2505 910 2531 756
929 2507 1018 2531 ‹lc—xtra
1038 2510 1080 2531 net
1098 2510 1171 2530 necet
1190 2507 1256 2531 ensis
1275 2506 1307 2537 Β,
1326 2506 1413 2530 dextra
1433 2508 1505 2529 necet
1523 2512 1568 2529 ncc
1588 2504 1654 2528 ensis
1669 2503 1700 2531 A,

57 2560 123 2576 corr.
137 2552 233 2577 Simzer

159 2653 210 2680 723
232 2654 327 2679 Catull.
342 2658 382 2686 64,
395 2657 445 2680 230
471 2662 615 2687 respergas
645 2653 779 2687 sanguine
807 2652 931 2679 dextram
1037 2652 1086 2678 727
1117 2652 1161 2677 Or.
1179 2653 1237 2677 met.
1259 2655 1280 2683 5,
1299 2654 1332 2676 58
1359 2651 1387 2675 et
1412 2648 1561 2675 fractis...
1586 2647 1698 2673 ossibus¹

58 2704 161 2738 Owipp.
176 2705 231 2732 ΙοῘι.
245 2710 268 2739 4,
284 2709 326 2732 755
344 2705 451 2732 ossibus
471 2707 499 2731 et
517 2705 615 2732 fractis
709 2705 757 2731 7:31
779 2705 884 2730 Luam.
901 2709 920 2737 1,
933 2708 983 2730 48¹0
1002 2703 1131 2736 victoque
1151 2703 1289 2729 inmanior
1307 2702 1385 2728 hoste
1474 2701 1521 2726 741
1550 2700 1619 2732 l'erq.
1635 2700 1699 2724 Aen.

59 2760 93 2788 11,
107 2760 154 2782 215
174 2766 237 2783 cara
256 2766 377 2783 sororum
398 2759 510 2791 pectora
529 2757 608 2790 (Stat.
627 2757 702 2783 Theb.
718 2761 738 2789 7,
751 2758 809 2789 495)
890 2757 940 2782 744
966 2756 1122 2788 Ῑ”’(’1;(].Λοη.
1138 2759 1173 2787 12,
1191 2758 1223 2779 43³
1244 2753 1372 2779 miserere
1393 2752 1517 2785 parenti>-
1537 2754 1570 2783 (et
1589 2751 1699 2783 passiani)

92 2808 141 2835 745
159 2808 226 2835 Stat.
246 2809 324 2836 Theb.
339 2813 361 2842 2,
375 2813 426 2835 655
446 2809 541 2836 inanes
556 2809 656 2843 perdi&
676 2809 725 2839 ait,
740 2808 867 2835 lacrimas
938 2809 988 2834 7415
1002 2809 1066 2833 Slus.
1084 2807 1160 2833 Theb.
1174 2810 1196 2839 3,
1213 2811 1247 2832 ⁸6
1262 2807 1332 2831 feror
1345 2806 1520 2838 emper-tatus
1540 2803 1573 2828 ad
1588 2802 1698 2827 umbras

1443 2855 1491 2881 285:
