2039 3010
258 120 281 147 Η
974 118 1190 146 PRAEFATIO.

256 206 451 238 membranae
468 205 647 245 particulae
669 214 736 236 eiam
760 204 948 236 ceolveretur
970 207 998 236 ct
1022 205 1225 244 inspiceretur
1247 204 1348 236 codex.
1388 205 1602 244 perlustranti
1623 207 1724 237 autem
1741 205 1908 237 editionem

255 260 409 294 nostram,
446 257 535 288 cuciics
561 256 701 296 paginae
731 256 874 296 singulas
906 256 1007 296 ipsius
1035 255 1147 288 codieIs
1177 255 1311 287 reddunt
1338 256 1492 297 paginas,
1524 257 1619 296 facile
1649 257 1812 297 apparebit
1842 258 1908 289 tria

252 309 337 350 folia
361 308 506 339 iiiiililata
529 316 592 338 esse
614 318 634 338 a
658 308 798 347 margine
821 308 994 349 superiore,
1024 307 1078 339 ubi
1099 307 1200 339 deesse
1223 306 1368 339 videntur
1390 306 1461 348 fere
1490 307 1637 347 quaterni
1659 317 1781 346 versus,
1807 318 1908 339 unum

254 361 300 400 (p.
323 360 464 392 257-8.
496 359 648 399 271—2)
679 358 720 390 ab
749 358 915 398 inferiore,
950 359 1018 390 item
1046 358 1117 399 fere
1147 358 1310 398 quaternis
1339 358 1479 390 versibus
1507 359 1541 389 in
1569 368 1758 399 unaquaque
1780 359 1907 400 pagina

248 411 422 451 privatum.

358 464 450 502 atque
473 460 696 498 Niebuhrium,
726 461 782 501 qui
801 461 924 501 passim
951 460 1073 492 litteras
1099 461 1163 492 iam
1189 461 1355 500 pereuntes
1376 459 1606 493 medicamentis
1628 461 1712 502 aptis
1737 462 1907 501 reparavit,

254 513 337 545 unde
360 512 526 544 dolemlum
550 511 632 551 quod
653 511 741 543 hodie
760 522 793 551 p.
809 512 874 542 272
895 513 924 542 ct
942 522 974 551 p.
993 512 1056 542 274
1076 513 1184 550 partes
1207 511 1333 551 infimae
1351 521 1453 551 paene
1475 511 1648 543 destructae
1671 514 1752 551 sunt,
1775 512 1908 553 diligen-

254 564 370 595 tissime
393 564 500 604 legisse
523 565 610 594 testcs
633 571 742 594 sumus
763 564 792 594 et
814 562 1049 603 Biiclieler1),
1072 563 1128 602 qui
1149 572 1234 594 anno
1258 563 1341 593 1875
1364 562 1494 594 codicem
1517 562 1561 594 ad
1581 562 1612 594 S.
1629 562 1720 595 Galli
1734 564 1908 596 contulerat

254 624 372 654 suaque
387 616 493 645 notata
511 613 594 645 ultro
609 612 686 644 milii
701 613 910 652 commodavit,
927 615 954 644 et
965 623 1027 654 ego,
1042 613 1101 651 cui,
1112 615 1277 653 postquam
1289 613 1332 645 ad
1346 613 1382 647 S.
1396 614 1487 646 Galli
1501 614 1613 654 degens
1627 614 1769 646 intellexi
1783 615 1908 656 longius

253 665 390 697 studium
415 666 448 696 in
468 665 518 696 his
537 664 665 696 laciniis
684 673 747 696 esse
765 664 952 704 ponendum,
975 665 1015 696 A.
1033 664 1116 696 Fa‘h
1142 664 1399 705 bybliotlieearius
1418 676 1480 705 qua
1496 666 1609 697 multos
1623 667 1750 705 superat
1765 665 1906 698 liberali-

254 719 317 749 tate
347 716 477 748 codicem
505 715 678 747 Mmiaeum
706 715 891 747 transmisit.
945 715 994 747 his
1021 716 1097 747 solis
1126 716 1201 747 locis
1221 716 1351 756 gravius
1377 717 1496 748 erravit
1517 716 1675 748 Niebuhr:
1703 726 1799 749 carm.
1827 718 1858 755 2,
1879 719 1908 754 7,

247 778 361 808 paneg.
381 777 467 807 pros.
494 769 512 798 1
528 766 562 798 B
578 768 606 804 1,
629 767 651 797 2
666 766 697 798 A
712 767 755 798 23
777 766 977 808 (hispaniam
993 766 1120 798 dederat
1134 766 1300 808 Niebuhr),
1323 769 1345 798 2
1360 767 1392 799 B
1410 769 1459 806 18,
1477 770 1558 808 poet.
1573 769 1636 799 108
1657 767 1709 809 (de
1724 768 1908 800 correctione

253 829 316 851 non
349 821 428 850 recte
458 818 652 859 rettulerat),·
683 818 903 857 gravissimum
936 820 982 849 est
1010 818 1092 858 quod
1113 828 1176 850 non
1205 818 1356 850 indicarit
1382 821 1455 850 ante
1483 829 1553 850 eum
1584 828 1705 850 versum
1738 819 1794 859 qui
1824 828 1910 850 nunc

253 873 298 902 cst
328 870 450 910 primus
478 869 661 910 panegyrici
689 868 821 900 alterius
848 879 946 900 unum
974 879 1106 901 vacuum
1135 879 1199 901 esse
1227 870 1260 900 in
1284 870 1480 909 membrana,
1508 871 1530 903 i.
1554 880 1623 902 vere
1639 870 1780 910 primum
1808 870 1909 902 deesse

253 924 296 961 (v.
319 932 350 961 p.
368 923 408 952 10
431 922 531 958 nota).

359 973 462 1012 itaque
485 982 553 1004 eum
581 971 617 1003 de
645 971 759 1003 litteris
782 970 910 1003 traditis
932 981 996 1003 non
1023 981 1113 1012 saepe
1135 972 1278 1004 dubitare
1308 972 1412 1011 liceat,
1439 972 1604 1011 difficilior
1631 973 1732 1013 surgit
1759 973 1906 1013 quaestio,

253 1035 312 1065 quo
335 1024 444 1055 ordine
467 1023 539 1055 olim
562 1023 645 1054 inter
667 1031 698 1054 se
720 1024 824 1054 secuta
846 1023 912 1054 sint
934 1023 1060 1064 singula
1078 1023 1172 1065 folia.
1217 1033 1292 1055 nam
1313 1024 1425 1056 seriem
1441 1025 1616 1064 pristinam
1639 1024 1795 1056 turbatam
1819 1023 1908 1056 hodie

253 1076 318 1107 iam
334 1076 490 1106 testantur
507 1074 628 1106 litterae
644 1074 678 1104 in
689 1083 743 1113 pp.
754 1073 893 1106 255-6.
914 1074 1073 1106 259-60.
1095 1074 1235 1108 261—2.
1258 1076 1398 1106 267—3.
1421 1075 1582 1106 269-70.
1603 1076 1732 1107 273-4
1756 1075 1907 1113 inversae,

253 1137 320 1158 eum
342 1136 394 1166 pp.
411 1126 548 1156 257-8.
565 1125 696 1156 271-2
710 1124 775 1156 sint
790 1126 898 1156 rectae.
929 1125 958 1156 is
973 1125 1070 1166 igitur
1085 1126 1142 1166 qui
1155 1125 1198 1158 ad
1211 1125 1400 1167 glossarium
1414 1125 1611 1158 scribendum
1626 1126 1722 1166 (totus
1737 1126 1830 1158 codex
1845 1127 1908 1157 908

253 1177 307 1209 hoe
339 1186 424 1208 nune
449 1176 560 1216 elficit)
589 1175 710 1207 consuit
738 1175 874 1208 lacinias
900 1186 969 1207 eum
998 1177 1157 1208 variorum
1187 1176 1323 1208 codicum
1351 1178 1416 1207 tum
1439 1176 1656 1215 Merobaudis,
1686 1186 1749 1208 non
1777 1177 1909 1209 retinuit

252 1231 380 1261 veterem
398 1227 552 1269 foliorum
571 1236 720 1258 conexum
729 1226 766 1268 ²).
808 1237 895 1267 quem
921 1229 956 1258 ut
974 1228 1184 1266 restituamus,
1206 1237 1305 1259 unum
1319 1227 1468 1259 habemus
1492 1229 1607 1259 certum
1627 1228 1850 1260 testimonium:
1872 1229 1908 1259 in

248 1280 388 1322 paginae
408 1279 491 1310 enim
506 1279 570 1309 269
592 1278 764 1317 superioris
787 1288 859 1310 orae
879 1278 995 1319 angulo
1009 1279 1150 1316 sinistro,
1172 1278 1227 1318 qui
1249 1277 1316 1320 fuit
1337 1278 1373 1309 in
1392 1279 1490 1310 vetere
1513 1278 1592 1310 libro
1614 1278 1779 1320 inferioris
1793 1279 1908 1316 dexter,

255 1332 368 1372 legitur
386 1339 535 1361 numerus
554 1329 647 1369 VIII,
666 1328 782 1370 folium
804 1330 902 1370 igitur
923 1329 1005 1370 quod
1027 1339 1066 1361 ex
1087 1329 1196 1361 ordine
1215 1330 1372 1369 primario
1393 1329 1569 1362 continebat
1584 1331 1726 1371 paginas
1746 1330 1906 1364 260—59.

251 1382 410 1414 270—69
433 1383 604 1413 extremum
630 1382 698 1412 erat
726 1381 946 1420 quaternionis
981 1380 1079 1413 VIII‘
1107 1381 1142 1412 in
1170 1380 1269 1413 codice
1299 1390 1385 1413 nunc
1415 1380 1576 1421 discerpta.
1632 1381 1778 1422 leguntur
1805 1383 1909 1413 autem

252 1434 288 1465 ²⁸²²
310 1433 360 1465 '²²³
376 1432 524 1473 pamm*
634 1466 698 1496 260
929 1467 994 1497 259
1211 1467 1276 1498 270
1482 1467 1546 1498 269

561 1527 585 1549 e.
605 1519 634 1555 1,
647 1517 753 1548 1-23
857 1527 882 1549 c.
894 1519 925 1556 2,
939 1518 1031 1556 1-3,
1045 1521 1065 1549 7
1163 1527 1252 1559 pros.
1267 1518 1331 1549 2A
1432 1527 1516 1557 pros.
1532 1519 1555 1549 2
1565 1518 1599 1549 Β

252 1588 317 1612 non
340 1581 403 1610 tam
427 1580 506 1610 certe
529 1579 649 1609 constat
671 1577 708 1608 de
730 1577 795 1608 alio
812 1577 895 1619 folio
916 1577 999 1618 quod
1014 1578 1225 1618 complectitur
1240 1588 1298 1618 pp.
1314 1578 1452 1609 256-5.
1474 1577 1612 1609 274-3.
1650 1578 1789 1610 cernitur
1804 1580 1907 1610 tamen

247 1641 281 1671 p.
297 1631 426 1662 274—3
448 1628 616 1660 intervallo
639 1627 710 1670 fere
732 1629 754 1659 2
769 1638 824 1660 em.
847 1639 869 1660 a
897 1639 979 1660 nova
1002 1629 1168 1668 plicatura
1194 1631 1344 1668 separata
1372 1631 1458 1661 vetus
1473 1629 1654 1669 plicatura,
1678 1629 1767 1661 cuius
1789 1632 1908 1670 tergum

251 1682 374 1713 videtur
395 1680 495 1721 fnisse
514 1690 548 1721 p.
564 1680 646 1718 273,
669 1689 733 1711 non
749 1690 785 1720 p.
801 1681 875 1718 274,
892 1680 1032 1720 paginae
1054 1681 1152 1720 igitur
1173 1680 1237 1711 255
1261 1682 1289 1711 et
1310 1681 1375 1711 274
1397 1681 1561 1712 interiores
1588 1682 1680 1711 erant
1705 1679 1800 1712 liuius
1826 1680 1907 1720 folii,

250 1734 315 1764 256
338 1734 365 1764 et
386 1733 451 1763 273
476 1730 654 1762 exteriores.
699 1731 774 1762 liaeo
795 1733 898 1762 autem
920 1731 1095 1763 continent:

640 1791 705 1822 256
963 1792 1027 1823 255
1226 1792 1290 1822 274
1497 1792 1562 1822 273

543 1843 573 1880 3,
586 1843 617 1874 8.
650 1843 680 1880 4,
696 1842 802 1873 1-22
905 1844 935 1880 4,
948 1843 1077 1874 23-46
1178 1852 1263 1882 pros.
1281 1844 1301 1874 1
1313 1843 1345 1874 A
1443 1852 1531 1882 pros.
1550 1845 1570 1874 1
1583 1843 1615 1875 B

251 1913 331 1944 quae
361 1912 428 1934 eum
455 1902 502 1933 ita
532 1901 597 1932 sint
620 1900 729 1942 faeere
757 1911 821 1933 non
838 1911 967 1943 possum
996 1903 1075 1942 quin
1102 1903 1226 1942 probem
1253 1902 1423 1934 Niebulirii
1445 1903 1652 1934 coniecturam
1672 1903 1821 1942 ponentis
1853 1902 1908 1934 hoe

252 1956 386 1988 alterum
398 1954 512 1996 folium
531 1963 594 1986 esse
615 1954 751 1986 eiusdem
765 1955 982 1994 quaternionis
1004 1954 1102 1986 VIIIf
1122 1957 1215 1995 atque
1232 1954 1301 1996 fuit
1317 1955 1398 1994 puto
1413 1954 1590 1992 secundum,
1612 1954 1633 1986 i.
1646 1954 1752 1994 priori
1773 1955 1908 1986 extremo

245 2007 442 2047 proximum,
472 2015 548 2037 nam
565 2007 796 2045 pentametrum
818 2006 862 2046 (3,
874 2007 910 2045 8)
932 2015 1017 2037 nune
1039 2006 1238 2038 dimidiatum
1267 2005 1303 2037 in
1327 2005 1485 2047 principio
1502 2015 1538 2045 p.
1553 2005 1618 2036 256
1639 2004 1689 2036 nil
1709 2005 1808 2036 obstat
1829 2005 1908 2045 quin

250 2059 420 2098 iungamus
450 2066 518 2088 cum
546 2057 685 2089 carmine
706 2058 728 2088 3
743 2057 885 2098 elegiaco.
936 2058 1078 2098 sequitur
1105 2059 1140 2089 ut
1159 2057 1344 2098 panegyrici
1363 2056 1510 2097 prosarii
1534 2066 1615 2096 pars
1644 2057 1680 2088 in
1696 2066 1754 2098 pp.
1769 2056 1907 2087 274—5·

253 2109 373 2149 scripta
389 2107 559 2148 praecedat
581 2118 649 2139 eam
671 2117 751 2147 quae
773 2108 808 2139 in
824 2118 882 2148 pp.
899 2109 1049 2140 270-69
1071 2109 1266 2150 agnoscitur,
1297 2108 1331 2139 id
1357 2107 1439 2148 quod
1466 2107 1558 2140 rebus
1579 2108 1722 2139 tractatis
1738 2107 1905 2147 probatur.

251 2159 337 2201 folia
348 2161 452 2191 autem
464 2158 525 2190 duo
537 2158 632 2190 lucius
643 2159 859 2198 quaternionis
870 2159 1023 2191 interiora
1038 2169 1123 2191 nnnc
1133 2159 1294 2199 deperdita
1306 2159 1504 2192 continebant
1519 2159 1593 2191 olim
1601 2159 1696 2199 finem
1711 2158 1863 2191 carminis
1875 2160 1905 2197 4,

251 2211 280 2242 si
300 2211 377 2250 finis
398 2210 488 2248 deest,
510 2209 580 2241 alia
597 2208 738 2251 fortasse
760 2210 903 2242 carmina
925 2211 1049 2242 minora
1072 2212 1102 2243 et
1123 2211 1251 2242 initium
1271 2211 1457 2253 panegyrici
1476 2210 1624 2250 prosaici.

356 2272 436 2302 quae
457 2263 579 2292 restant
600 2260 661 2292 duo
679 2260 766 2302 folia
787 2262 925 2294 257-8,
947 2263 1078 2294 271-2
1103 2264 1132 2294 et
1153 2263 1291 2295 268-7.
1315 2263 1444 2294 262-1
1467 2262 1585 2302 repleta
1612 2263 1686 2293 sunt
1708 2260 1905 2298 hexametris,

251 2322 327 2353 quos
357 2313 454 2343 unius
480 2313 516 2343 in
539 2312 667 2344 Aetium
687 2313 875 2353 panegyrici
905 2322 968 2345 esse
997 2323 1047 2344 res
1075 2316 1228 2346 narratae
1256 2313 1452 2346 convincunt.
1503 2314 1596 2353 atque
1622 2312 1658 2344 de
1689 2311 1797 2343 ordine
1827 2314 1906 2344 reete

251 2363 402 2395 iudicavit
417 2363 560 2395 Niebuhr
575 2363 633 2404 (ad
648 2374 674 2395 υ.
693 2364 748 2402 50)
764 2364 926 2396 statuendo
945 2373 1008 2396 esse
1023 2364 1158 2396 eiusdem
1174 2364 1391 2405 quaternionis
1407 2364 1549 2403 primum
1564 2363 1585 2395 i.
1602 2365 1772 2395 extremum
1787 2362 1905 2405 folium

251 2415 416 2455 (numerus
438 2415 536 2454 periit
561 2415 597 2446 in
626 2415 767 2455 margine
795 2414 947 2457 inferiore
974 2415 1108 2457 absciso)
1135 2418 1164 2447 et
1187 2416 1326 2454 tertium,
1355 2415 1456 2447 deesse
1483 2415 1581 2456 igitur
1606 2416 1677 2455 post
1706 2424 1733 2446 v.
1754 2414 1796 2445 49
1824 2414 1906 2447 duas

245 2466 396 2507 paginas,
414 2468 487 2507 post
503 2466 545 2497 97
567 2468 722 2506 quattuor,
742 2469 813 2506 post
829 2468 892 2497 143
914 2467 1004 2499 duas.

355 2519 388 2548 at
411 2517 446 2548 in
468 2526 534 2548 una
556 2527 589 2548 re
610 2517 794 2557 gravissime
809 2518 928 2549 erravit
950 2519 1001 2550 rir
1023 2518 1227 2550 clarissimus.
1271 2519 1395 2550 videtur
1411 2518 1502 2555 enim,
1525 2516 1668 2557 quamvis
1683 2518 1770 2548 caute
1786 2526 1821 2556 p.
1839 2516 1889 2549 VI
1893 2518 1906 2537 ²

251 2568 345 2600 verba
361 2568 516 2609 posuerit,
546 2570 649 2599 tamen
676 2568 759 2600 hunc
785 2569 918 2601 alterum
945 2571 1180 2610 quaternionem
1206 2579 1387 2602 numerasse
1410 2579 1468 2609 pro
1491 2568 1564 2601 IX⁰
1587 2567 1718 2608 indeque
1739 2567 1902 2600 coniecisse

357 2662 382 2695 1)
401 2662 436 2693 ef.
456 2661 510 2688 ind.
529 2662 583 2688 lect.
603 2662 694 2688 Bonn.
714 2666 777 2689 1877
789 2671 818 2696 p.
833 2665 870 2689 13.
960 2663 986 2694 2)
1005 2663 1078 2697 foliis
1095 2663 1209 2697 singulis
1227 2662 1370 2690 seeundum
1385 2662 1529 2696 wistinam
1543 2661 1707 2695 plicaturam
1724 2661 1795 2687 inter
1811 2668 1838 2688 se
1855 2661 1904 2688 ad-

252 2704 354 2737 aptatis
378 2704 496 2736 efficitur
519 2707 627 2731 veterem
653 2705 750 2731 librum
773 2705 859 2732 latum
882 2705 967 2738 fuisse
992 2708 1050 2739 sere
1068 2710 1098 2733 16
1110 2714 1171 2739 em.,
1197 2706 1280 2732 altum
1302 2705 1358 2738 sere
1376 2708 1410 2732 26
1425 2713 1489 2735 cnm
1514 2704 1594 2732 eodan
1615 2704 1663 2738 qui
1683 2711 1758 2730 nune
1774 2706 1810 2730 est
1827 2703 1903 2730 habet

251 2747 366 2779 sormam
387 2749 458 2777 iss-20
469 2755 516 2773 cm.
