2106 3061
749 163 867 189 PANEG
874 163 1004 190 YRICUS
1023 165 1033 189 Ι
1692 171 1710 200 9

739 248 834 275 desunt
851 251 906 283 fere
925 253 940 274 4
958 257 1047 275 versus
1537 264 1560 287 p,
1579 255 1630 280 270

123 302 281 344 frg.11A
418 302 538 333 lentem
562 301 594 332 in
617 301 787 342 collegium
811 304 907 342 togae
933 304 1064 333 senatus
1089 303 1234 343 adscivit,
1501 299 1561 323 hene
1578 299 1669 330 leffium·

416 364 474 396 pro
499 353 549 384 his
573 364 623 385 me
648 353 797 384 laudibus
821 353 885 384 tuis
909 344 1014 385 Roma
1038 364 1109 385 cum
1133 355 1277 396 principe
1301 357 1367 386 vic-

417 409 487 437 turo
512 416 587 437 aere
612 404 771 444 formavit,
796 416 852 446 pro
876 405 925 436 his
949 405 1087 447 denique
1111 416 1214 447 nuper
1230 407 1269 437 ad
1293 407 1350 438 ho-

416 457 502 488 noris
525 457 658 488 maximi
681 466 798 487 nomen
822 457 877 487 ille
900 457 1047 488 nascenti
1071 457 1131 488 soli
1155 459 1278 499 prox(i-

358 522 369 541 5
413 519 483 539 mus
496 508 671 550 imperator
684 508 802 540 evexit.
826 508 989 539 intellexit
1002 508 1097 548 enim,
1115 519 1177 550 qua
1191 509 1252 540 fidc
1265 510 1333 541 eius
1348 511 1455 551 pr(ae-

416 561 514 592 sentis
539 562 633 601 gesta
655 570 880 599 memorarem,
905 560 958 601 qui
982 560 1022 592 de
1047 561 1191 592 absentis

414 613 539 644 meritis
562 623 626 643 non
649 614 803 643 tacerem.
850 612 914 643 iam
938 611 1118 651 considera,
1142 612 1257 644 ductor

415 664 543 702 invicte,
569 666 688 705 quanta
711 663 769 694 tibi
792 663 871 694 haec
896 664 1004 704 agenti
1027 664 1172 704 praemia
1196 664 1310 705 deb<e-

417 719 521 755 antur,
545 726 603 758 pro
628 715 742 757 quibus
767 715 845 746 mihi
868 718 958 746 tanta
982 718 1056 746 sunt
1080 715 1209 747 conlata
1231 716 1317 747 refe-

346 782 370 801 10
415 769 507 800 renti.
640 767 697 798 tibi
722 767 852 809 quidem
877 767 999 798 nullum
1025 778 1194 799 commune
1218 768 1357 810 praemi-

417 831 472 852 um
496 830 557 851 nec
580 830 639 862 par
663 819 780 850 ceteris
804 819 908 850 honor
931 822 987 850 aut
1010 819 1079 850 laus
1105 819 1212 860 aliqua
1234 820 1347 861 usit<a-

415 875 448 903 ta
472 871 644 903 referenda
668 873 726 902 est.
774 870 876 902 habes
900 873 1007 901 tamen
1030 871 1304 912 praemiatrice(1n

418 923 650 955 conscientiam
674 926 778 953 tuam:
805 922 925 954 etenim
949 925 1036 954 recte
1061 919 1218 953 factorum

417 986 559 1007 summus
583 975 706 1006 fructus
730 977 780 1005 est
803 974 922 1006 fecisse
947 984 1006 1005 nee
1030 974 1130 1005 ullum
1153 974 1254 1005 virtu-

345 1040 369 1059 15
414 1030 482 1058 tum
504 1027 642 1069 pretium
667 1026 799 1068 dignum
825 1026 905 1068 ipsis
931 1028 1023 1057 extra
1046 1026 1133 1067 ipsas
1158 1028 1217 1056 est.
1264 1036 1341 1067 ergo

418 1079 469 1110 vel
493 1089 554 1120 ego
577 1078 629 1110 vel
654 1078 708 1109 alii
732 1077 785 1119 qui
810 1077 842 1108 in
866 1077 927 1108 hac
952 1077 1079 1108 dicendi
1104 1076 1305 1118 professione

420 1133 504 1170 sunt,
529 1130 677 1172 quotiens
701 1129 741 1161 de
766 1129 891 1160 actibus
916 1129 979 1160 tuis
1005 1128 1114 1170 aliqua
1137 1128 1334 1166 disserimus,

375 1207 377 1209 .
417 1185 472 1214 aut
495 1181 625 1223 ingenia
648 1184 758 1212 nostra
782 1190 970 1212 exercemus
995 1183 1051 1211 aut
1072 1182 1147 1211 vota
1171 1179 1383 1220 ceter(0rum:

417 1237 452 1265 tu
476 1233 534 1265 tibi
557 1233 714 1271 inniteris,
739 1232 780 1263 ad
803 1235 835 1264 te
859 1232 997 1274 respicis
1021 1242 1080 1263 neo
1103 1231 1205 1262 ullum
1230 1231 1314 1272 quod

347 1299 371 1318 ρο
415 1285 533 1317 imitari
556 1285 635 1316 velis
660 1285 827 1326 exemplar
852 1286 946 1316 extra
969 1287 1001 1315 te
1026 1283 1174 1325 quaeris3
1200 1285 1233 1314 et
1256 1286 1306 1314 ta—

417 1348 491 1369 men
515 1338 603 1368 nulla
626 1337 727 1379 regio,
745 1337 853 1368 nullus
878 1337 979 1375 locus,
1003 1336 1092 1367 nulla
1115 1335 1253 1377 denique
1277 1335 1337 1366 lin-

419 1400 483 1431 gua
505 1389 656 1420 laudibus
680 1389 744 1419 tuis
768 1399 870 1420 vacua
895 1390 953 1420 est.
1000 1390 1114 1418 euntes
1139 1387 1170 1418 in
1196 1386 1380 1427 Thracia(m

417 1441 624 1483 triumphum,
649 1440 702 1482 qui
727 1440 869 1471 consiliis
893 1440 957 1470 tuis
980 1439 1064 1470 intra
1086 1437 1278 1480 Hispanias(
1299 1463 1304 1469 .
1326 1463 1331 1469 .

178 1563 194 1588 3
213 1573 227 1589 o
246 1564 273 1588 in
286 1565 341 1597 fine
359 1564 400 1588 vix
418 1562 554 1588 dimidiata
573 1561 646 1586 adest
722 1561 738 1586 5
757 1561 883 1586 mtellemt
902 1561 1019 1585 omissum
1038 1560 1065 1584 in
1084 1563 1199 1585 contentu
1214 1558 1407 1590 superadditum
1425 1562 1480 1583 erat
1498 1566 1565 1582 enim
1583 1558 1717 1585 vocabulo;

77 1607 135 1639 lequ
154 1606 280 1636 Niebuhr:
298 1615 341 1638 eqo
359 1606 473 1638 vesliyia,
499 1614 551 1630 non
577 1605 674 1629 litteras
696 1604 788 1636 aynovi
900 1603 916 1628 S
939 1603 1067 1629 tibialiaec
1182 1601 1214 1627 10
1233 1595 1314 1635 ρτὲωι
1400 1605 1456 1633 poet
1475 1605 1539 1626 renti
1556 1604 1678 1632 punctum
1696 1604 1718 1625 et

77 1650 187 1682 spatium
298 1648 329 1673 12
352 1657 365 1673 e
389 1649 493 1673 ultimae
517 1656 570 1672 non
593 1647 665 1672 adest
688 1647 737 1671 nisi
759 1646 888 1678 vestiyium
996 1644 1083 1670 1415
1101 1653 1118 1669 u
1138 1649 1160 1669 et
1178 1654 1192 1669 o
1214 1645 1363 1669 ultimarum
1386 1647 1525 1668 cernuntur
1547 1643 1650 1675 vestiyia

79 1691 111 1717 18
129 1701 141 1717 r
159 1692 249 1716 ultima
267 1691 356 1716 lacera
442 1689 476 1716 20
494 1684 561 1716 {Stra
629 1698 646 1715 a
663 1690 754 1714 ultima
772 1698 846 1714 erosa
865 1693 892 1713 at
904 1693 972 1714 certa
1053 1687 1086 1713 23
1105 1689 1237 1712 triumfum
1307 1687 1437 1720 hispamas
1455 1687 1490 1711 sio
1509 1687 1591 1712 clare:
1608 1686 1719 1717 sequitur

78 1736 207 1768 vestigium
230 1735 346 1766 superius
368 1734 444 1758 unius
467 1734 576 1766 litterae,
599 1742 675 1766 quam
697 1742 762 1765 quae
789 1733 937 1765 sequebatur
959 1735 1014 1757 erat
1037 1740 1053 1756 a
1077 1732 1115 1756 vel
1137 1740 1154 1763 g
1178 1735 1204 1755 ut
1228 1731 1298 1755 cuius
1323 1730 1420 1755 litterae
1446 1729 1562 1754 sinistrae
1587 1729 1719 1754 deliciolae

77 1782 222 1811 appareant
239 1778 314 1810 infra
330 1786 430 1802 versum

182 1898 194 1924 1
215 1897 380 1924 antecessisse
402 1897 478 1922 colon
496 1895 628 1929 incipiens
646 1904 664 1921 a
682 1895 763 1922 verbis
786 1904 834 1930 pro
854 1894 897 1921 his
916 1903 959 1921 mo
979 1894 1107 1920 laudibus
1131 1893 1187 1919 tuis
1202 1892 1299 1925 probat
1317 1891 1385 1917 illud
1403 1891 1520 1924 denique
1539 1891 1569 1916 in
1589 1900 1608 1917 υ.
1627 1894 1642 1917 3

79 1959 95 1976 a
111 1949 207 1977 castris
226 1950 319 1976 aetate
338 1950 472 1976 remotum
495 1957 545 1975 nec
564 1948 646 1975 armis
666 1948 775 1982 patriae
794 1947 922 1981 prodesse
942 1946 997 1973 iam
1016 1946 1169 1979 va)lentem
1190 1944 1340 1970 Heimsoeth
1392 1943 1465 1976 quod
1483 1943 1515 1969 do
1534 1943 1672 1968 adlectione
1691 1943 1720 1967 in

78 2004 199 2028 senatum
211 2002 302 2034 refert,
321 2009 377 2027 non
391 2004 498 2035 pugnat
517 2009 576 2027 oum
588 2001 684 2026 honore
706 2001 736 2026 in
755 2003 845 2026 statua
863 2002 1003 2025 memorato
1016 1998 1080 2030 νώ)
1095 1997 1278 2031 s(pectabilis)
1298 1997 1409 2027 com(es)
1423 1994 1513 2028 s(acri)
1533 1993 1720 2027 c(0nsistorii),

78 2061 138 2080 eum
160 2054 207 2080 hoc
229 2056 341 2087 tempore
362 2053 489 2079 senatorii
515 2053 598 2079 locum
621 2052 733 2078 habeant
758 2052 869 2078 medium
892 2051 960 2077 inter
980 2050 1145 2076 clarissimos
1173 2052 1197 2075 et
1216 2048 1398 2082 spectabiles,
1426 2055 1446 2072 υ.
1461 2045 1627 2078 Hirschfeld,
1657 2045 1718 2071 Sits.

79 2106 138 2131 Ber.
152 2105 222 2132 Berl.
241 2105 329 2132 Akad.
349 2108 411 2131 1901
431 2104 521 2130 XXV
532 2113 562 2137 Ρ.
581 2108 666 2137 600,4
770 2104 786 2129 2
804 2104 882 2130 verba
903 2103 933 2128 in
955 2105 1044 2128 statua
1063 2101 1155 2136 imago
1180 2109 1242 2127 aere
1266 2100 1385 2126 formata
1404 2119 1429 2125 ..
1443 2119 1468 2124 ..
1492 2098 1565 2131 quod
1590 2096 1655 2123 huic

80 2165 141 2183 cum
164 2156 366 2191 augustissimis
390 2156 478 2183 Roma
500 2155 732 2190 principibus...
756 2155 784 2181 in
810 2154 868 2181 foro
887 2153 970 2188 leio
994 2153 1162 2179 detulerunt.
1198 2159 1256 2177 cum
1274 2153 1361 2176 tamen
1380 2149 1456 2184 eloyii
1475 2149 1550 2175 verba
1566 2148 1721 2182 qeneraliter

79 2210 206 2242 concepta
224 2208 286 2240 siut,
303 2208 345 2234 hic
362 2207 484 2234 discimus
501 2210 617 2234 statuam
635 2207 762 2233 decretam
780 2214 833 2233 esse
851 2208 956 2239 propter
974 2213 1080 2231 ocu-men
1098 2204 1129 2229 iu
1146 2203 1255 2229 Aetium
1273 2202 1390 2235 factum,
1409 2201 1440 2228 de
1458 2208 1510 2234 quo
1530 2209 1549 2227 v.
1562 2208 1590 2233 p.
1609 2203 1642 2226 20

79 2260 96 2286 3
113 2260 224 2287 honoris
242 2259 356 2286 maximi
374 2268 474 2287 nomen
501 2267 561 2286 eave
588 2259 620 2285 de
639 2259 781 2286 consulatu
805 2258 951 2291 intelleqas;
976 2265 1040 2283 nam
1062 2264 1121 2282 cum
1144 2263 1239 2282 nome-n
1257 2253 1428 2280 Merobaudis
1455 2260 1510 2279 uon
1534 2252 1566 2278 sit
1590 2252 1621 2277 in
1643 2251 1722 2283 fastis

79 2320 162 2344 neque
179 2311 220 2338 his
242 2311 403 2345 temporibus
421 2311 453 2338 de
471 2312 577 2344 suffecto
601 2311 716 2345 coqitarc
741 2311 827 2343 liccat,
852 2317 1013 2343 quamquam
1031 2309 1185 2334 consulatus
1204 2307 1272 2333 alter
1289 2306 1372 2332 datur
1391 2305 1424 2331 ab
1442 2305 1597 2337 imperatore
1615 2303 1723 2329 orientis

80 2364 237 2396 (Mommsen
258 2363 348 2390 chron.
371 2363 435 2390 min.
455 2364 543 2397 11112.
567 2364 638 2397 498),
672 2363 802 2389 consulem
829 2361 984 2388 nuntiatura
1008 2363 1110 2394 poetam
1133 2358 1282 2393 neyandum
1308 2360 1358 2390 est,
1386 2356 1440 2382 nisi
1465 2356 1534 2390 forte
1557 2355 1636 2388 ponis
1665 2362 1723 2380 eum

80 2417 159 2442 latere
186 2416 234 2442 sub
260 2415 300 2442 Fl.
313 2415 443 2443 Senatore
465 2424 490 2442 a.
510 2419 563 2442 436
581 2424 599 2442 a
624 2415 766 2442 Theodosio
792 2414 925 2440 nuntiato.
969 2421 1037 2446 quae
1063 2420 1123 2438 cum
1149 2411 1187 2437 ita
1213 2411 1266 2437 sint
1293 2418 1337 2444 eqo
1360 2409 1477 2435 arbitror
1499 2407 1688 2434 Merobaudcm
1705 2415 1723 2431 a

86 2467 225 2495 Theodosio
243 2468 312 2501 (eum
331 2468 400 2495 enim
418 2471 485 2495 certe
498 2470 596 2502 spectat
610 2477 633 2494 v.
646 2468 674 2501 4)
691 2468 761 2494 inter
771 2467 898 2500 patricios
915 2465 1000 2498 fuisse
1017 2464 1157 2496 adlectum,
1176 2463 1207 2490 de
1225 2471 1280 2496 qua
1298 2461 1428 2496 cliqnitate
1445 2468 1521 2486 nunc
1535 2468 1556 2486 v.
1571 2457 1725 2490 Hirschfeld

81 2521 97 2546 l.
118 2520 134 2546 l.
147 2528 176 2553 p.
196 2523 245 2546 594
351 2520 367 2547 6
390 2520 513 2548 absentis
537 2528 559 2547 v.
571 2528 600 2553 p.
613 2523 647 2546 20
759 2520 791 2546 14
810 2518 906 2544 Claud.
919 2522 956 2551 17,
970 2522 983 2543 1
1002 2517 1063 2551 ipsa
1085 2516 1197 2550 quidem
1216 2515 1303 2542 virtus
1327 2513 1448 2548 pretium
1473 2512 1526 2538 sibi
1540 2532 1545 2538 .
1559 2531 1585 2538 ..
1605 2510 1644 2536 nil
1664 2509 1723 2543 opis

82 2574 213 2600 externae
232 2572 351 2606 cupiens,
371 2572 411 2598 nil
430 2572 527 2607 indiga
545 2572 635 2599 laudis
739 2571 772 2597 23
790 2571 882 2604 supple
900 2578 939 2596 ex.
951 2577 989 2604 qr.
1005 2569 1166 2602 Galliasque
1185 2569 1281 2602 partus
1300 2568 1349 2598 est,
1368 2564 1557 2598 comperimus.
1593 2562 1638 2595 aaz·
1656 2560 1723 2587 vide-

82 2626 128 2651 tur
150 2624 182 2651 de
199 2624 285 2650 soluta
303 2633 328 2651 a.
341 2627 392 2651 436
406 2632 458 2658 per
475 2624 608 2650 Litorium
626 2623 740 2650 comitem
759 2622 908 2656 (consiliis,
932 2630 986 2648 nou
1004 2621 1114 2648 actibus
1133 2620 1198 2653 tuis)
1217 2618 1348 2645 obsidione
1367 2615 1548 2643 Narbonensis
1566 2613 1667 2648 oppidi,
1692 2612 1724 2638 clo

83 2685 136 2710 qua
154 2676 210 2703 vide
228 2676 320 2710 Prosp.
338 2676 427 2703 chron.
441 2676 461 2702 I
469 2684 499 2709 1).
518 2680 577 2709 475,
592 2678 655 2702 1324
674 2675 776 2709 Hydat.
795 2675 886 2701 chron.
906 2674 942 2700 ΙΙ
953 2682 981 2707 p.
1002 2676 1043 2705 23,
1058 2676 1111 2699 116.
1148 2670 1324 2697 Merobaudes
1346 2677 1405 2696 cum
1428 2668 1484 2694 suis
1501 2667 1563 2693 haee
1579 2666 1654 2698 facta
1671 2664 1724 2690 iam

83 2728 115 2753 iu
132 2728 226 2755 itinere
244 2728 361 2755 audiisse
379 2728 488 2761 videtur,
512 2728 597 2761 ipsius
615 2728 688 2754 Aetii
705 2727 839 2754 victoriam
857 2726 892 2752 ad
910 2728 1019 2752 montem
1039 2723 1225 2751 Colubrarium
1243 2724 1305 2756 (s'ry.
1320 2722 1356 2747 ΙΙ
1364 2721 1391 2747 Β
1402 2721 1459 2754 315)
1478 2722 1532 2746 tum
1549 2718 1649 2743 domimi
1666 2723 1724 2742 cum

85 2780 199 2808 Salonas
224 2781 376 2808 advenisset.
412 2781 521 2807 Aetium
537 2780 688 2812 interfuisse
704 2779 744 2806 his
762 2779 839 2805 rebus
863 2778 972 2805 Gallicis
997 2777 1067 2804 testis
1091 2778 1126 2802 est
1151 2775 1286 2809 Hydalius
1307 2774 1397 2800 chron.
1417 2772 1449 2798 ΙΙ
1463 2780 1493 2805 p.
1512 2773 1553 2802 23,
1574 2772 1618 2795 112

188 2836 348 2860 semri-ones
366 2836 554 2863 Aunomssm1
572 2835 632 2859 XIV
646 2833 667 2858 1.
1503 2822 1519 2848 2
