2106 3061
614 159 814 187 DRACONTH
850 162 896 188 DE
915 163 1095 190 LAVDIBVS
1114 165 1173 191 DEI
1210 166 1234 191 ΙΙ
1699 169 1739 201 89

359 256 410 283 710
437 256 495 289 (700)
516 250 548 279 et
571 248 725 279 damnent
747 248 881 279 meliore
906 249 1011 280 animo
1036 250 1155 281 delicta
1179 252 1295 293 priora,

514 300 576 330 sint
601 300 714 341 quibus
739 300 900 341 ignoscas,
947 300 1002 331 sed
1027 311 1088 331 non
1114 303 1213 333 semel
1238 303 1298 334 ista
1321 305 1457 342 relaxas7

513 351 644 393 saepius
667 351 816 392 indulges
842 352 1016 383 ostendens
1040 353 1151 384 limina
1176 355 1287 385 mortis

514 405 546 433 et
568 412 721 433 revocans
745 413 763 433 a
787 406 889 434 morte
914 404 995 434 truci
1019 415 1098 445 quos
1123 405 1217 446 culpa
1240 407 1409 447 premebat

513 453 660 485 faucibus
684 454 800 485 inferni
823 458 931 496 raptos
957 455 1110 486 inducere
1135 456 1264 488 formas.

359 514 408 540 715
436 514 495 547 (705)
515 506 547 536 hi
571 506 631 537 soli
655 508 802 547 pereunt,
828 516 955 547 semper
979 517 1058 547 quos
1085 517 1156 538 esse
1180 508 1332 549 profanos

513 557 702 595 eonstiterit,
727 558 794 588 sine
818 557 880 588 fine
906 559 980 588 mali
1004 569 1142 600 peccare
1165 559 1325 590 volentes:

514 609 656 640 criminis
681 612 712 640 et
735 619 861 651 poenae
885 610 976 640 limes
1001 610 1102 641 semel
1127 621 1209 641 unus
1236 610 1381 642 habetur.

513 664 545 692 et
568 664 698 702 poteras
724 671 853 692 servare
878 661 979 692 malos
1003 663 1075 703 pius
1099 672 1202 703 usque
1228 666 1401 702 senectam,

512 716 548 743 ut
572 712 725 744 damnare
750 713 843 743 simul
868 713 1028 744 horrenda
1051 713 1178 755 piacula
1201 718 1333 744 nossent

360 772 410 799 720
440 773 497 805 (710)
517 767 549 795 et
572 765 700 795 veniam
726 775 856 806 sperare
882 768 979 804 tuam,
1005 765 1062 795 sed
1086 765 1188 796 maior
1210 765 1349 797 habetur

514 816 566 847 hie
590 817 681 853 ratio,
706 827 780 847 nam
805 816 926 858 inpune
951 816 1004 846 diu
1029 827 1165 858 peccare
1190 819 1362 848 noeentum

515 868 540 898 si
564 867 660 899 fuerit
683 868 842 910 permissa
867 878 993 907 manus,
1016 868 1144 899 turbata
1168 871 1301 909 repente

515 930 606 951 mens
630 920 764 950 insontis
791 919 859 957 erit,
884 930 958 949 mox
982 920 1125 960 paenitet
1150 929 1220 950 esse
1244 919 1426 950 modestum

515 974 707 1013 optaturque
732 971 822 1002 nefas
847 974 878 1002 et
902 971 973 1012 plus
999 971 1052 1012 pia
1076 971 1169 1002 turba
1194 974 1338 1011 nocetur,

359 1033 409 1059 725
442 1033 499 1066 (ηε.)
519 1023 666 1065 improba
689 1033 784 1065 quam
808 1023 912 1054 rabies
937 1026 1033 1064 atque
1058 1023 1155 1064 impia
1179 1026 1253 1053 vota
1276 1023 1421 1064 fatigant.

515 1075 591 1117 quid
615 1075 700 1116 quod
724 1078 756 1105 et
780 1075 898 1105 erranti
921 1085 1011 1105 mora
1035 1085 1098 1105 non
1123 1074 1229 1105 brevis
1255 1085 1324 1105 esse
1349 1074 1502 1115 probatur

515 1117 725 1168 serveturque
750 1126 804 1157 diu
829 1127 952 1163 veniae,
977 1126 1002 1156 si
1027 1125 1154 1157 desinat
1179 1126 1286 1157 audax

515 1178 671 1209 inlicitum
696 1181 855 1220 temptare
880 1178 993 1208 nefas?
1018 1188 1090 1208 nam
1114 1177 1234 1218 gaudia
1258 1177 1348 1208 caelo

515 1241 689 1261 conversus
713 1229 767 1261 dat
791 1230 926 1271 quisque
951 1240 1041 1263 reusz
1068 1229 1127 1260 sibi
1152 1229 1285 1270 quisque
1310 1228 1454 1260 medelas

360 1290 410 1318 730
439 1292 497 1324 (τρο)
518 1282 691 1313 arbitretur
715 1282 810 1313 homo
836 1282 951 1323 culpae
976 1281 1035 1311 sub
1061 1291 1138 1312 voce
1164 1281 1291 1322 requiri.

513 1345 577 1365 vox
601 1336 657 1364 tua
681 1344 752 1364 eum
777 1333 879 1371 sileam
904 1336 959 1363 tua
984 1332 1040 1363 sed
1065 1333 1226 1363 sententia
1250 1332 1377 1363 clamat.

514 1386 612 1427 erigis
637 1396 811 1427 oppressos
835 1385 972 1415 humiles
997 1384 1178 1426 sternisque
1204 1384 1370 1425 superbos,

514 1441 549 1468 tu
574 1438 772 1479 captivorum
798 1436 975 1478 rumpendo
1000 1436 1126 1467 tenacia
1151 1436 1255 1466 vincla

515 1489 597 1520 colla
620 1489 708 1519 levas
734 1487 852 1519 adtrita
875 1488 958 1529 iugis
983 1488 1109 1518 cervice
1134 1488 1238 1518 soluta

361 1551 410 1577 735
440 1550 497 1583 (725)
516 1544 547 1572 et
570 1550 720 1583 proceres
746 1540 868 1571 servire
893 1539 973 1570 facis
998 1539 1201 1580 famulosque
1225 1539 1350 1578 iubere,

515 1595 706 1635 paupertate
731 1591 823 1622 iubes
848 1591 1016 1632 opulentos
1041 1592 1143 1632 turpis
1167 1594 1298 1632 egestas

514 1644 633 1676 vestiat
657 1646 689 1675 et
713 1643 795 1674 ditas
821 1643 933 1684 opibus
958 1643 1041 1673 bene
1066 1643 1175 1683 largus
1201 1645 1344 1683 egentes.

514 1697 578 1727 ima
600 1695 691 1726 levas
716 1697 748 1725 et
771 1695 858 1725 celsa
881 1694 1008 1735 premis,
1034 1696 1241 1735 praesumpta
1265 1695 1395 1724 coaetus

515 1747 636 1778 adteris
661 1749 693 1778 et
716 1750 831 1778 tenues
856 1745 982 1777 adiecto
1008 1745 1121 1776 robore
1145 1745 1251 1775 firmas

360 1808 411 1834 740
438 1808 497 1840 (730)
517 1800 586 1829 iura
610 1798 781 1840 potestatis
805 1798 948 1829 retinens
972 1797 1031 1827 sub
1056 1797 1184 1827 nomine
1209 1807 1294 1827 vero.

516 1850 603 1882 solus
629 1851 713 1881 enim
737 1849 885 1880 dominus
910 1849 1074 1880 dominum
1097 1849 1150 1889 qui
1175 1859 1238 1878 non
1263 1848 1361 1879 habet
1385 1850 1474 1878 extat

516 1901 567 1932 vel
591 1901 642 1932 cui
667 1904 782 1931 cuncta
798 1904 920 1942 parent,
946 1911 1003 1943 per
1026 1910 1121 1941 quem
1147 1902 1221 1929 sunt
1238 1899 1344 1929 omnia
1361 1909 1441 1940 quae
1468 1900 1541 1928 sunt

517 1956 549 1984 et
572 1956 736 1984 transacta
760 1953 854 1983 simul
878 1953 931 1983 uel
955 1955 1029 1983 sunt
1053 1951 1243 1993 quandoque
1268 1951 1386 1981 futura.

516 2004 570 2046 qui
594 2004 682 2035 dedit
705 2004 836 2045 Elysios
861 2004 952 2034 iustis
977 2007 1008 2034 et
1032 2003 1167 2033 Tartara
1190 2002 1310 2043 pravis,

362 2064 412 2090 745
440 2064 499 2097 (735)
519 2056 571 2098 qui
595 2056 730 2097 placidis
755 2057 925 2097 saevisque
951 2055 1040 2086 iubet
1064 2053 1238 2096 procedere
1264 2054 1365 2084 solem

108 2138 134 2163 in
156 2138 176 2162 Ο
193 2138 242 2163 713

209 2189 259 2215 712
277 2191 413 2223 indulgens
431 2191 476 2222 13¹,
496 2199 562 2215 corr.
577 2190 613 2214 Β2
700 2191 799 2215 lumina
817 2190 848 2220 B,
869 2198 935 2214 corr.
948 2189 979 2212 M
1083 2187 1132 2212 713
1151 2196 1256 2212 reuocas
1278 2187 1305 2218 C,
1324 2195 1448 2211 reuocans
1468 2187 1491 2210 B
1571 2186 1640 2211 cruci
1662 2186 1682 2210 G

109 2232 157 2257 714
176 2237 263 2266 raptas
282 2234 327 2265 13¹,
350 2242 416 2258 corr.
434 2233 471 2258 ΒΞ
562 2232 610 2258 721
631 2242 689 2258 nam
709 2242 756 2258 om.
770 2233 814 2263 B¹‚
835 2233 896 2256 add.
915 2232 951 2255 ,Β2
1044 2230 1093 2255 722
1112 2230 1272 2263 p(rae)niissa
1290 2230 1321 2261 B,
1341 2238 1407 2254 corr.
1423 2230 1534 2254 Arevalo
1622 2228 1670 2253 723
1689 2237 1746 2252 mox

109 2285 155 2301 om.
168 2276 214 2307 131,
232 2277 293 2301 add.
308 2277 343 2300 Β2
401 2277 518 2309 penitens
537 2286 562 2301 se
581 2275 781 2308 mod(er)atu(m)
801 2276 831 2305 B,
851 2284 916 2299 corr.
932 2275 1042 2299 mlv-ovalo
1114 2273 1163 2298 724
1181 2277 1286 2297 necetur
1303 2273 1372 2304 falso
1388 2272 1433 2296 ,1Ιὸ
1504 2271 1553 2296 729
1573 2272 1692 2296 medellas
1712 2271 1747 2294 Βιι

143 2318 192 2344 730
210 2321 285 2353 eulpa
303 2321 351 2345 sub
369 2328 432 2345 uoce
451 2321 556 2352 requirit
574 2320 606 2351 Β,
625 2320 724 2344 correxi
741 2318 786 2352 (cs.
802 2322 822 2349 1,
834 2321 890 2343 533-
910 2321 932 2349 2,
946 2320 1014 2347 (166),-
1035 2318 1122 2349 culpas
1142 2317 1193 2348 M2,
1214 2317 1335 2347 relinquit
1358 2315 1469 2340 Arevalo
1553 2314 1602 2339 733
1625 2319 1649 2339 te
1673 2315 1748 2338 noxia.

109 2363 195 2388 uincla
214 2364 259 2395 B¹,
277 2373 342 2388 corr.
362 2364 388 2388 in
407 2368 430 2388 le
450 2364 521 2388 nenia
534 2364 579 2395 B2,
598 2363 811 2391 corr‘Bz't'cltelem
838 2363 914 2386 noxia
933 2361 1023 2392 (deleto
1043 2361 1078 2391 te)
1098 2360 1143 2384 ,112
1214 2358 1261 2383 737
1282 2360 1345 2383 ditat
1358 2358 1389 2389 B,
1410 2367 1474 2382 corr.
1490 2358 1610 2383 Arevalo:
1628 2358 1689 2381 ditet
1703 2358 1747 2381 Μ2

143 2406 192 2431 738
210 2410 299 2431 coactu
318 2407 403 2437 nolui;
422 2415 539 2432 coercens
558 2406 670 2431 Arevalo
776 2405 825 2430 742
845 2410 916 2438 paret
934 2405 971 2430 B:
991 2408 1078 2437 patent
1097 2403 1208 2427 Arevalo
1227 2403 1256 2427 ob
1276 2406 1381 2426 metrum
1487 2401 1535 2426 743
1555 2402 1594 2426 uel
1615 2410 1629 2432 o
1651 2404 1710 2425 suut
1727 2401 1749 2424 B

143 2448 192 2474 744
211 2451 278 2475 (ledit
297 2451 371 2475 elisos
389 2450 421 2481 B,
442 2459 508 2475 corr.
523 2450 569 2473 Μ2
638 2457 734 2482 prauus
754 2449 784 2480 B,
805 2458 871 2474 corr,
885 2449 940 2472 ΖΠ]

211 2518 262 2544 714
284 2517 413 2544 inducere
436 2518 536 2544 formas
554 2517 695 2550 szmzpsisse
714 2516 816 2543 videtur
834 2523 865 2541 ex
881 2515 956 2548 Vei-9.
972 2515 1035 2539 Aen.
1050 2517 1071 2545 6,
1086 2517 1132 2539 614
1157 2522 1189 2538 ne
1209 2521 1310 2545 quaere
1330 2511 1435 2540 doceri,
1459 2520 1540 2544 quam
1562 2518 1679 2544 poenam
1699 2512 1748 2536 aut.

111 2577 180 2602 quae
208 2569 295 2595 forma
316 2569 386 2595 viros
410 2570 555 2595 fortunave
582 2568 685 2600 mersit,
713 2576 770 2594 cum
797 2568 885 2593 forma
908 2567 1127 2599 onemo-ermem-
1154 2573 1239 2598 genus
1259 2572 1376 2597 poenae,
1406 2565 1435 2587 ut
1462 2562 1517 2595 ipse
1541 2562 1638 2587 diceret
1657 2560 1748 2586 subire

110 2619 227 2654 insignia
247 2622 384 2647 tormenta
475 2621 524 2648 728
538 2630 577 2654 sq.
597 2622 660 2646 Luc.
676 2625 711 2653 15,
727 2624 755 2646 10
843 2619 892 2645 732
911 2618 946 2644 ad
965 2623 986 2650 2,
1001 2622 1053 2643 696.
1092 2617 1199 2650 Οονίμρ.
1215 2617 1270 2641 ΙοΙι.
1287 2619 1306 2647 7,
1322 2619 1366 2641 101
1385 2615 1475 2648 erige.
1488 2635 1493 2641 .
1506 2634 1510 2640 .
1523 2634 1537 2644 .,
1557 2615 1696 2647 prosterne

111 2670 160 2697 733
180 2671 253 2705 Very.
268 2679 353 2704 =(Jeorfj⁶
374 2676 397 2704 4,
416 2676 465 2698 412
487 2672 622 2698 contende
646 2671 758 2698 tenacia
780 2671 873 2697 vinela
961 2670 1011 2696 734
1036 2667 1322 2701 P²·1t(l.psych.praefi
1340 2670 1372 2693 32
1395 2666 1527 2692 Loth...
1552 2664 1651 2691 attrita
1674 2664 1750 2689 bacis

113 2722 184 2748 colla
202 2723 272 2749 liber
291 2723 382 2757 erigit.
406 2724 438 2756 cf.
449 2725 541 2757 perist.
556 2728 576 2756 1,
593 2728 622 2749 72
708 2724 758 2750 737
779 2724 882 2748 luz-ene.
902 2727 921 2752 1,
945 2726 991 2748 102
1014 2721 1113 2755 opibus
1139 2719 1241 2746 ditavit
1260 2721 1372 2752 egentes
1458 2717 1508 2744 738
1527 2718 1639 2743 coactus
1657 2723 1749 2748 snper-

112 2773 202 2800 borum
219 2775 398 2807 obstinatione,
417 2776 451 2808 cf.
467 2780 486 2808 1,
502 2780 533 2802 99
621 2776 670 2802 745
692 2775 788 2801 Mami.
802 2779 824 2806 5,
836 2778 867 2800 45

214 2830 374 2854 Semnones
392 2830 580 2858 Aruomssnsu
599 2829 658 2853 xlv
674 2829 694 2853 1.
1514 2819 1544 2845 12
