2106 3061
805 190 977 217 ROMVLEA
997 192 1020 217 x
1668 201 1725 230 185

489 278 641 317 coeperat
664 276 804 307 ostendi:
830 277 892 308 iam
916 280 991 308 tunc
1016 279 1187 310 mandante
1212 283 1345 321 tyranno

488 337 563 358 ecce
587 327 776 358 trahebatur
799 338 859 358 ceu
882 331 992 359 taurus
1018 330 1150 370 pulcher
1174 330 1280 370 Iason,

403 387 452 414 180
487 389 582 420 quem
606 378 750 419 sequitur
772 378 890 410 Medea
912 390 1031 410 nocens
1056 384 1234 422 urguetque
1258 383 1419 414 ministros

486 429 605 460 nudato
629 440 781 461 mucrone
806 430 924 462 furens.
970 430 1106 462 delubra
1130 432 1279 463 subibant

486 481 613 522 iamque
637 481 895 522 propinquabant
918 482 990 512 aris.
1037 483 1093 513 sed
1117 493 1235 515 numen
1259 489 1424 516 amantum

486 533 594 564 furtim
618 533 738 574 templa
762 533 857 574 petit:
883 537 1060 564 sonuerunt
1083 535 1150 565 tela
1173 535 1341 576 pharetris.

486 584 611 615 exultat
634 584 747 625 gavisa
770 584 864 614 nimis
888 583 1005 615 Medea
1030 585 1196 616 sacerdos:

402 644 450 670 185
485 636 622 667 telorum
647 636 816 677 strepitum
840 639 950 667 castae
975 639 1066 678 putat
1089 647 1178 667 arma
1202 637 1327 669 Dianae

485 687 683 728 increpuisse
706 687 803 725 tholo,
826 687 928 718 credit
953 698 1011 718 sua
1034 691 1110 718 vota
1134 689 1285 720 sacerdos

485 742 560 770 ante
583 749 697 780 preces
721 738 849 769 audisse
874 738 976 770 deam.
1022 749 1097 770 mox
1121 750 1239 771 numen
1264 740 1400 772 adorans

484 790 591 822 ‘omen
615 790 719 821 adest’
741 791 852 832 inquit,
876 790 1028 821 ‘Triviam
1053 795 1094 829 te,
1118 791 1211 822 Luna
1234 792 1350 831 Diana,

486 842 640 873 confiteor
664 845 820 884 perstans,
845 842 938 873 heres
963 842 1158 883 Proserpina
1181 844 1309 881 mundi;

401 901 449 929 190
484 904 559 924 nam
582 893 644 924 tria
666 904 767 934 regna
790 896 895 924 tenes:
919 896 953 924 tu
977 894 1066 924 caelo
1090 893 1229 935 Cynthia
1252 906 1378 936 regnas⁷

484 945 633 977 venatrix
656 948 785 976 terrena
807 945 918 983 micas,
944 946 1032 986 capis
1057 946 1139 977 atria
1161 945 1255 986 Ditis,

485 1000 631 1038 tempora
654 996 846 1027 distribuens
871 997 978 1038 regnis
1002 1000 1034 1028 et
1058 997 1203 1028 cursibus
1229 1001 1318 1039 apta:

484 1048 548 1079 iam
572 1051 681 1090 grates
705 1048 815 1079 audita
838 1048 961 1089 loquor,
1007 1049 1091 1079 iacet
1115 1049 1218 1080 hostia
1241 1050 1368 1091 templis

484 1110 541 1141 per
564 1100 680 1131 fluctus
705 1099 842 1131 advecta
865 1099 951 1131 tuis.2
996 1101 1040 1131 sic
1064 1100 1130 1131 fata
1153 1111 1210 1142 per
1234 1112 1305 1132 aras

400 1160 447 1186 195
484 1152 574 1192 virgo
599 1154 732 1182 cruenta
755 1151 872 1181 molam
896 1151 1027 1192 perfert.
1074 1155 1107 1182 at
1130 1152 1266 1193 mystica
1288 1153 1396 1183 nutrix

483 1203 571 1234 fessa
593 1202 669 1234 licet
692 1202 907 1234 tremebunda
929 1206 1049 1244 gemat,
1073 1206 1180 1234 tamen
1205 1204 1276 1245 ipsa
1300 1205 1457 1235 iacentem

483 1254 616 1286 tendere
641 1254 725 1285 colla
748 1254 838 1286 iubet
861 1255 912 1285 vel
937 1257 1070 1296 pectora
1093 1266 1194 1296 prona
1217 1256 1354 1297 supinet.

485 1316 561 1348 ergo
585 1306 776 1348 peregrinus
801 1316 873 1337 cum
897 1306 960 1336 iam
986 1310 1131 1337 versatur
1154 1307 1261 1346 Iason⁷

483 1358 564 1389 forte
589 1358 700 1389 oculos
724 1368 782 1399 per
805 1361 891 1389 tecta
913 1357 1012 1389 levat:
1038 1358 1126 1390 videt
1150 1370 1225 1390 ecce
1249 1360 1409 1391 volantem

397 1418 448 1445 200
483 1413 579 1451 atque
604 1409 799 1440 salutantem
824 1419 967 1451 puerum.
1015 1410 1071 1440 sed
1096 1414 1194 1441 nauta
1217 1415 1367 1452 precatur

482 1472 644 1492 murmure
669 1461 822 1492 sollicito:
846 1460 987 1499 ‘numen‚
1012 1461 1095 1503 quod
1119 1462 1256 1494 mundus
1280 1463 1401 1502 adorat,

483 1514 509 1544 si
532 1513 668 1553 caelum,
693 1513 719 1543 si
743 1516 829 1544 terra
853 1513 898 1543 tui
924 1516 1007 1552 sunt,
1032 1514 1124 1552 alme,
1149 1514 1299 1556 triumphi

482 1565 533 1596 vel
557 1564 711 1606 quidquid
734 1566 849 1595 natura
873 1567 969 1603 creat,
995 1565 1021 1595 si
1045 1566 1210 1606 sanguinis
1234 1577 1352 1607 expers

481 1616 593 1647 mortis
618 1619 650 1647 et
672 1616 832 1646 infaustae
857 1626 891 1647 es
916 1619 948 1647 et
972 1620 1047 1647 sunt
1071 1620 1179 1648 tamen
1202 1617 1309 1648 hostia
1332 1618 1425 1649 flores

395 1677 445 1704 205
481 1668 592 1699 matris
616 1670 648 1698 et
674 1667 814 1699 insertae
838 1667 982 1709 pendent
1005 1678 1062 1709 per
1085 1669 1205 1710 templa
1230 1679 1367 1700 coronae

481 1719 637 1761 sauguine
662 1719 797 1760 virginei
820 1722 944 1750 tantum
968 1722 1119 1751 contenta
1143 1720 1288 1762 pudoris:

483 1772 570 1813 eripe
594 1781 645 1802 me
669 1771 727 1809 his,
751 1771 879 1810 invicte,
904 1771 1007 1803 malis.
1052 1782 1112 1813 ego
1137 1773 1265 1803 victima
1289 1782 1407 1812 servor,

481 1826 577 1864 atque
601 1823 724 1854 utinam
749 1833 867 1861 server,
892 1823 980 1854 iaceo
1006 1823 1168 1854 feriendus
1193 1824 1224 1854 in
1249 1823 1335 1856 aris.³

482 1874 582 1905 audiit
605 1874 788 1916 ignipotens
812 1873 992 1916 (hominum
1016 1885 1089 1905 nam
1114 1885 1277 1906 murmura
1301 1875 1411 1916 sentit)

396 1934 447 1961 210
483 1928 515 1957 et
537 1925 644 1956 ridens
669 1925 799 1967 gavisus
823 1926 884 1956 ait:
908 1925 1024 1967 ‘pirata
1047 1926 1173 1966 decore,

482 1977 557 2019 quid
580 1977 709 2015 metuis,
732 1987 826 2018 quem
850 1977 917 2008 fata
940 1980 1080 2017 manent,
1104 1988 1175 2008 cum
1198 1978 1264 2008 vita
1289 1981 1450 2019 superstes

482 2032 584 2061 restat
607 2029 721 2068 adhuc,
745 2039 839 2070 quem
862 2040 962 2070 regna
983 2032 1106 2070 petunt,
1131 2030 1182 2060 cui
1208 2030 1302 2071 pellis
1324 2030 1472 2060 inaurata

482 2081 628 2112 imminet
652 2083 684 2111 et
707 2081 823 2112 coniux
846 2080 973 2111 dabitur
996 2080 1111 2111 Medea
1136 2080 1308 2112 sacerdos?

483 2132 540 2164 sed
563 2142 684 2163 memor
708 2135 777 2164 esto
802 2132 875 2172 mei,
900 2143 940 2163 ne
965 2136 995 2163 te
1019 2132 1147 2163 fortuna
1171 2132 1346 2173 superbum

194 2245 242 2270 179
265 2247 413 2271 trahebatur
435 2250 573 2271 centaurus
591 2246 624 2276 N,
644 2254 710 2270 corr.
724 2244 853 2270 Biiclzeler
941 2244 990 2270 180
1008 2246 1136 2270 ministras
1155 2245 1187 2274 N,
1207 2254 1271 2270 corr.
1287 2245 1412 2269 Biicheler
1430 2254 1460 2269 er
1478 2245 1526 2270 2⁴31
1618 2244 1664 2269 182
1684 2246 1726 2269 ssd

92 2288 224 2319 Biicheler,
242 2289 278 2314 sic
297 2289 329 2319 N,
347 2290 389 2314 hic
408 2289 527 2314 BiiIzrens
615 2288 664 2313 183
683 2292 750 2313 tecta
769 2289 891 2320 pharetris
910 2288 1035 2313 Bffclzeler
1110 2292 1167 2312 (wite
1189 2287 1236 2312 185
1260 2289 1286 2311 in
1304 2288 1393 2312 eadem
1412 2288 1479 2311 linea
1498 2288 1606 2318 scriptus
1625 2293 1659 2312 est
1681 2288 1725 2312 137

92 2331 136 2355 sed
152 2336 319 2363 cuppunctust
342 2341 360 2356 η
429 2332 536 2364 strepitu
560 2331 671 2356 Schenkl
759 2330 807 2355 189
831 2331 939 2355 Confidit
961 2322 993 2355 ’ἔω
1019 2335 1135 2362 perstans
1155 2330 1185 2361 N,
1211 2339 1276 2355 corr.
1294 2330 1373 2354 Dalm
1448 2331 1534 2354 muudi
1559 2330 1586 2359 (u
1611 2339 1640 2354 ear
1659 2332 1683 2361 o)
1704 2331 1730 2354 A*

128 2372 175 2398 192
189 2374 261 2398 nolui
275 2375 384 2400 incidere
393 2379 451 2407 post
463 2376 617 2399 distribuens
664 2375 782 2399 cursibus
796 2378 851 2398 acta
860 2383 877 2398 n
936 2373 986 2398 ‘204
999 2375 1125 2398 infaustae
1138 2374 1180 2397 sed
1193 2373 1223 2401 N,
1235 2382 1300 2397 corr.
1312 2373 1438 2403 Biilzrens,
1452 2374 1467 2396 i.
1479 2374 1498 2397 si
1509 2373 1632 2405 [lombers]
1685 2374 1727 2397 sod

93 2420 152 2441 sunt
161 2420 258 2441 tantum
269 2418 394 2443 Bz'tcheler
467 2417 518 2442 206
532 2421 649 2442 contente
660 2418 778 2442 Billzrens
848 2416 898 2441 ‘207
913 2425 951 2441 me
965 2426 1011 2440 om.
1022 2425 1039 2440 u
1092 2425 1150 2447 ergo
1165 2416 1267 2440 uictima
1277 2425 1294 2439 n
1363 2415 1413 2440 208
1428 2424 1513 2440 sei-var
1525 2416 1557 2445 N,
1573 2425 1638 2441 corr.
1648 2416 1726 2440 Dalm

127 2460 209 2490 iaceoi·
228 2460 253 2491 (o
266 2469 296 2485 ea:
314 2461 334 2491 t)
353 2470 371 2485 η
440 2460 488 2485 ‘211
509 2469 566 2485 cum
581 2460 613 2491 N,
633 2461 673 2485 cui
687 2460 812 2484 Baclaeler
882 2460 932 2484 212
952 2460 1024 2491 pellis
1038 2464 1127 2483 aurata
1140 2459 1184 2482 Nn
1202 2459 1240 2489 (in
1253 2459 1282 2482 N
1291 2459 1368 2490 facile
1385 2467 1433 2490 pro
1447 2463 1533 2489 amata
1547 2459 1628 2490 accipi
1638 2463 1725 2489 potest.

93 2506 128 2526 est
148 2507 231 2528 tamen
253 2507 345 2529 aurata
369 2512 413 2528 nec
436 2504 518 2528 ullam
536 2512 645 2536 passum
667 2508 701 2528 est
723 2504 856 2535 rasurmn)
883 2503 909 2527 ln
934 2507 1037 2533 utroque
1060 2502 1208 2533 apoyraplm
1231 2502 1330 2533 siquam
1386 2506 1443 2525 ante
1463 2510 1559 2525 versum
1579 2501 1673 2532 piceum
1692 2505 1726 2525 est

127 2550 211 2570 amata
229 2546 316 2577 Dalm,
338 2550 421 2571 amato
445 2547 569 2578 Rosshery
638 2547 729 2578 scripsi
752 2547 884 2576 inaurata,
909 2550 934 2569 ιιι
958 2546 988 2569 sil
1010 2553 1096 2569 versas
1119 2545 1273 2576 hypermeter
1297 2543 1342 2576 (cf.
1363 2544 1550 2576 hypermelrzmn
1578 2544 1647 2575 Very.
1662 2544 1725 2568 Αειι.

94 2589 115 2619 6,
127 2590 174 2614 603
193 2593 249 2614 ante
268 2590 393 2621 imminet)
480 2588 530 2614 213
549 2589 662 2620 coniunx
681 2590 713 2620 N,
734 2590 827 2613 coniux
845 2598 863 2613 ἰι

197 2691 244 2717 179
269 2690 340 2724 Ver-y.
355 2692 421 2717 Aen.
436 2694 521 2723 2403
543 2700 605 2717 ecce
630 2690 851 2717 trahebatur...
873 2689 1026 2716 Cassandra
1123 2688 1170 2715 182
1195 2688 1266 2721 Vcry.
1284 2689 1351 2713 Aen.
1372 2692 1393 2719 9,
1413 2691 1457 2713 371
1482 2687 1591 2719 iamque
1618 2685 1726 2719 propiu-

94 2740 217 2773 quabant
234 2742 282 2775 (11,
295 2744 352 2775 621)
441 2742 488 2769 187
511 2742 576 2768 Stat.
597 2742 675 2768 Theb.
692 2747 714 2775 5,
736 2746 781 2768 157
803 2743 867 2768 aute
893 2750 986 2776 preces
1014 2749 1109 2767 venere
1133 2740 1200 2766 deae
1288 2739 1336 2766 207
1356 2738 1393 2763 acl
1410 2741 1432 2771 3,
1446 2742 1493 2763 626
1579 2738 1628 2763 209
1655 2737 1726 2770 Vcrq.

93 2792 159 2818 Aen.
173 2797 196 2826 4,
209 2796 258 2819 220
275 2793 365 2820 audiit
383 2793 557 2827 omnipotens

193 2847 354 2872 sempronss
371 2847 560 2877 Annqnxssnm
578 2847 637 2870 XIV
652 2846 674 2873 1.
1490 2840 1523 2866 24
