2106 3061
50 735 74 753 to

50 994 73 1012 15

46 1423 70 1443 20

45 1686 68 1705 25

46 1944 69 1963 3⁰

750 176 948 204 EPISTVLAE
968 179 1074 205 lI—IV
1671 188 1730 218 287

95 262 221 293 veniam
256 265 288 293 et
322 262 434 303 lingua
463 261 657 293 facundiam.
710 274 783 294 nam
809 265 869 294 etsi
899 268 949 295 ost
976 265 1007 296 in
1032 266 1138 303 nobis,
1174 270 1209 297 ut
1233 270 1266 297 tu
1294 267 1409 300 domne
1440 274 1586 312 reputas,
1614 274 1731 304 venula

95 314 222 345 tantilla
262 314 429 351 sermonis,
471 324 554 345 nuuc
590 313 762 346 inutilitate
802 326 940 355 morum,
981 327 1064 348 nune
1105 317 1231 349 adsidui
1270 319 1409 361 langoris
1442 327 1577 363 aggestu
1613 324 1729 356 cotidie

95 364 318 396 intercluditur
342 368 374 396 et
399 365 547 397 siccatur.
594 366 725 396 missam
751 367 853 397 sancti
878 367 1047 409 Hippolyti
1071 369 1120 399 vel
1145 370 1320 409 orationes,
1345 372 1370 402 si
1396 373 1487 403 nobis
1512 378 1603 405 oratu
1628 379 1731 406 vestro

94 417 159 447 vita
183 427 291 447 comes
315 415 473 454 adfuerit,
505 420 540 447 ut
569 420 721 458 potuero,
756 428 812 459 pro
842 422 948 449 vestra
979 419 1117 451 iussione
1149 421 1297 461 patrabo;
1329 423 1458 454 missam
1489 435 1562 455 vcro
1593 427 1731 458 votivam

95 468 166 499 ideo
190 478 252 498 non
283 468 406 509 scripsi,
437 468 511 509 quia
534 468 565 499 in
590 468 649 500 hae
673 470 778 510 patria
802 473 865 500 tam
890 471 1031 501 accurati
1056 472 1213 502 sermonis
1236 473 1395 504 habentur
1419 478 1514 516 atque
1540 479 1730 517 sententiae,

93 522 128 550 ut
151 520 254 550 simile
284 529 348 550 non
377 520 496 561 possim
527 519 705 559 excudere,
741 524 773 552 et
803 523 1000 563 superfluum
1030 522 1135 554 iudico
1165 524 1238 555 inde
1270 535 1319 556 me
1344 525 1464 567 aliquid
1489 527 1611 567 dicere,
1647 530 1730 560 unde

93 571 241 602 meliores
266 572 373 602 recolo
398 572 460 602 iam
484 571 615 603 dixisse.

196 633 283 662 ecce,
307 623 450 664 piissime
467 622 605 661 domine,
628 622 765 655 dulcedo
782 624 904 665 gratiae
923 628 1048 656 vestrae
1067 626 1238 657 verbosum
1264 638 1313 659 me
1331 627 1470 659 reddidit
1494 633 1526 660 et
1542 631 1730 671 superbunu

92 675 148 706 sed
173 685 269 717 preco
308 678 344 705 ut
378 686 491 716 parcas
522 675 693 715 audaciae,
729 687 822 717 quam
848 687 910 707 non
935 680 1040 708 tumor
1064 677 1192 716 adtulit,
1223 679 1279 710 sed
1314 691 1401 711 amor
1430 681 1562 712 invexit.
1608 693 1680 713 nam
1705 684 1730 714 si

96 726 156 757 hoc
190 727 329 758 trutinae
353 726 479 757 subtilis
505 727 655 758 examine
680 738 802 769 aequae
827 728 928 759 librae
953 739 1052 770 pensa
1077 730 1209 761 iusseris
1234 731 1423 772 ponderare,
1449 732 1487 762 ad
1512 735 1543 764 te
1568 733 1730 765 dominum

92 778 217 809 videbis
242 788 423 817 recurrere,
459 778 545 820 quod
574 779 737 810 servulum
767 783 855 810 tuum
887 780 1047 811 inveneris
1079 781 1244 814 oberrare:
1280 783 1353 824 quia
1384 794 1557 825 numquam
1582 796 1641 825 ego
1666 789 1729 816 tam

91 829 282 860 temerarius
306 829 338 860 in
371 829 545 871 loquendo,
573 830 634 861 nisi
665 833 698 861 tu
722 831 841 862 fuisses
867 834 931 862 tam
955 832 1197 873 profusissimus
1221 833 1251 864 iu
1275 835 1422 865 amando.
1468 836 1542 876 quid
1571 847 1646 877 crgo
1670 837 1730 868 hac

93 881 265 912 occasione
302 881 353 912 vel
389 881 580 922 deliquerim
609 882 660 913 vel
698 881 832 924 deliqui,
864 883 954 914 vobis
988 884 1126 925 inputari
1162 884 1286 919 iubete;
1318 887 1391 927 quia
1422 889 1544 918 tantum
1577 899 1665 919 amas
1700 892 1732 919 et

92 935 215 964 tantum
252 933 386 971 amaris,
421 936 456 963 ut
492 936 524 964 et
552 933 767 965 verecundiae
796 934 921 975 pondus
952 935 1080 966 auferas
1123 939 1155 967 et
1187 936 1320 967 timoris.
1370 939 1522 980 scriptum
1552 940 1634 970 enim
1665 943 1726 970 est:

94 984 189 1015 timor
213 995 275 1015 non
300 987 349 1016 est
371 984 402 1015 in
427 984 609 1023 dilectione,
635 985 692 1016 sed
716 986 861 1026 peifeeta
886 986 1015 1017 dilectio
1040 987 1116 1018 foris
1141 988 1238 1018 mittit
1262 989 1418 1020 timorem.

194 1035 234 1067 de
270 1039 378 1067 cetero
410 1036 432 1076 η’-
459 1047 515 1077 pro
550 1037 757 1078 peculiariter
785 1048 940 1079 suggero⁷
976 1041 1010 1069 ut
1045 1038 1120 1069 mihi
1155 1040 1272 1070 misero
1307 1041 1551 1082 temptationum
1583 1042 1730 1073 fluctibus

92 1087 273 1119 errabundo
303 1090 377 1119 tuae
405 1087 509 1130 precis
539 1088 696 1130 inpendas
725 1089 891 1121 auxilium.
938 1090 982 1121 sie
1011 1089 1180 1122 beatorum
1204 1092 1358 1122 merearis
1382 1092 1502 1124 habere
1527 1094 1730 1125 consortium.

883 1211 929 1241 IV

89 1272 397 1308 SANCTISSIMO
431 1273 493 1308 AG
527 1273 812 1309 VENERABILI
845 1274 1026 1309 DOMINO
1060 1275 1155 1310 MEO
1193 1270 1460 1310 EVGENIO
1499 1275 1728 1311 EPISCOPO

163 1337 448 1373 TOLETANAE
476 1337 616 1373 VRBIS
644 1334 819 1374 TAIVS
846 1338 1051 1374 VLTlMVS
1079 1339 1260 1374 SERVVS
1290 1339 1549 1374 SERVORVM
1577 1340 1653 1375 DEI

522 1402 1030 1438 CAESARAVGVSTANVS
1057 1403 1325 1438 EPISCOPVS.

194 1466 345 1508 Congrua
380 1468 458 1498 satis
494 1468 652 1510 valdeque
688 1469 872 1500 necessaria
902 1469 1112 1511 dispositione
1148 1470 1288 1500 fortioris
1321 1470 1460 1510 exquirit
1488 1470 1642 1501 solacium
1675 1472 1727 1512 qui

88 1519 236 1560 propriae
261 1519 387 1550 virtutis
421 1523 509 1551 caret
540 1521 643 1551 officio
679 1531 782 1562 eoque
811 1521 939 1552 facilius
969 1521 1110 1562 eorporis
1141 1532 1287 1562 gressum
1319 1521 1466 1562 porrigit,
1501 1532 1561 1562 quo
1590 1522 1728 1553 trahitur

89 1570 225 1601 dextera
249 1571 390 1612 potioris,
416 1574 450 1602 ut
474 1572 581 1602 saltim
603 1571 823 1603 desideratum
849 1583 975 1603 cursum
993 1573 1180 1603 valentioris
1205 1572 1325 1603 auxilio
1349 1572 1451 1614 possit
1475 1573 1606 1614 explere
1632 1584 1726 1614 quam

89 1622 198 1663 segnis
233 1622 264 1653 in
301 1623 348 1653 sui
377 1622 499 1654 itineris
530 1623 635 1654 medio
664 1634 842 1655 remanere.
890 1624 934 1654 ita
957 1635 1035 1665 ego,
1066 1625 1107 1655 mi
1132 1623 1326 1655 venerabilis
1352 1623 1494 1662 domine,
1524 1624 1629 1655 animo
1654 1625 1727 1655 licet

88 1673 258 1713 invalidus,
283 1675 345 1706 tuis
370 1678 479 1706 tamen
503 1675 631 1706 adiutus
657 1676 870 1715 orationibus,
895 1676 985 1707 ardui
1010 1676 1117 1717 operis
1135 1676 1279 1717 auspicia
1303 1675 1395 1716 quasi
1413 1676 1578 1706 cuiusdam
1596 1677 1727 1707 maximi

88 1724 205 1756 montis
235 1726 332 1757 malui
361 1726 449 1757 adire
485 1727 657 1768 principia,
693 1728 745 1768 qui
781 1728 869 1759 velut
904 1728 1011 1769 magni
1044 1727 1210 1758 cuiusdam
1240 1727 1271 1757 in
1302 1726 1351 1757 sui
1382 1727 1550 1768 superficie
1586 1731 1728 1759 ostentat

87 1776 191 1818 spatia
223 1777 365 1818 paradisi
393 1788 558 1809 nemorum
597 1779 846 1820 proceritatibus
882 1779 1002 1818 obsita,
1037 1779 1166 1810 floribus
1191 1779 1406 1816 albescentia,
1440 1778 1524 1809 soliis
1548 1779 1727 1819 viridantia,

86 1828 190 1870 pomis
237 1829 332 1860 etiam
373 1830 606 1869 mellificantia,
651 1831 789 1861 liliorum
831 1842 958 1873 quoque
993 1830 1207 1872 pulcritudine
1244 1830 1394 1867 nitentia7
1433 1841 1577 1860 rosarum
1612 1831 1727 1862 rubore

87 1880 271 1917 candentia,
305 1881 460 1913 violarum
491 1882 735 1924 purpurantium
772 1883 902 1913 floribus
938 1883 1141 1924 splendentia
1171 1881 1396 1922 coloribusque
1425 1882 1544 1912 croceis
1573 1883 1727 1924 pleraque

87 1932 257 1973 fulgentia,
282 1933 368 1964 nullo
392 1944 543 1975 umquam
566 1937 712 1975 tempore
739 1934 983 1971 marcescentia,
1021 1933 1077 1965 sed
1103 1937 1260 1975 perpetua
1285 1933 1334 1963 sui
1359 1933 1520 1964 viriditate
1544 1935 1724 1966 vernantia:

89 1983 223 2015 mirifica
252 1988 321 2015 arte
350 1985 518 2026 disposita,
545 1985 673 2016 directis
699 1997 780 2027 quae
806 1986 986 2016 consistunt
1017 1985 1173 2015 linearum
1207 1984 1372 2015 ordinibus
1407 1987 1569 2025 coaptata,
1606 1988 1725 2015 tantam

89 2035 334 2067 subministrant
358 2037 618 2068 examinantibus
642 2038 792 2078 gratiam,
825 2040 859 2067 ut
883 2037 1041 2067 suavitate
1068 2036 1115 2066 sui
1140 2047 1202 2066 nou
1228 2036 1330 2066 solum
1355 2036 1534 2066 exteriores
1558 2046 1725 2077 corporum

89 2097 221 2127 sensus,
252 2087 310 2118 sed
340 2088 493 2119 interiora
517 2089 660 2120 cordium
692 2100 810 2119 arcana
835 2089 984 2119 satietate
1010 2088 1058 2118 sui
1084 2088 1288 2129 perlustrent.
1336 2097 1471 2128 cumque
1497 2087 1572 2117 talia
1597 2088 1726 2118 intentis

89 2138 254 2169 obtutibus
280 2149 442 2171 cernerem
469 2152 505 2171 ac
529 2141 701 2182 plerosque
727 2141 774 2171 his
798 2140 992 2171 multimodis
1017 2139 1152 2181 dapibus
1184 2139 1293 2170 satiari
1318 2139 1474 2177 viderem,
1502 2139 1727 2170 inaestimabili

192 2224 202 2248 1
224 2225 347 2255 d(omi)ne
367 2226 398 2256 E,
418 2227 508 2251 domne
528 2227 557 2250 M
627 2226 642 2250 ‘2
665 2228 787 2251 sermonis
807 2236 859 2251 nun
880 2227 935 2250 EM
952 2227 986 2250 sic
1056 2227 1148 2250 laboris
1167 2226 1195 2249 M
1265 2226 1280 2249 3
1303 2226 1409 2257 yppoliti
1430 2225 1455 2249 E
1523 2224 1536 2249 4
1558 2227 1651 2257 parabo
1671 2226 1727 2250 edri.

120 2268 135 2292 5
155 2269 276 2293 sermonis
296 2268 327 2298 E,
353 2277 483 2294 sermones
502 2270 533 2293 M
550 2270 606 2294 edd.
695 2270 709 2294 7
733 2270 830 2294 reecolo
854 2269 880 2293 E
964 2269 979 2293 9
999 2278 1071 2301 preco
1091 2269 1125 2293 sic
1145 2269 1205 2297 EM,
1235 2277 1320 2300 precor
1339 2269 1395 2292 edd.
1487 2267 1517 2292 10
1536 2270 1649 2292 examine
1676 2278 1727 2300 esso,

86 2312 209 2336 examinis
233 2312 289 2335 EM
387 2313 414 2337 11
442 2313 564 2338 inueniris
589 2313 616 2337 E
701 2313 731 2337 12
758 2314 824 2345 quod
851 2313 907 2337 edd.
1006 2311 1036 2337 15
1063 2313 1147 2337 dilecti
1171 2312 1197 2335 E
1292 2312 1321 2336 lb'
1348 2321 1382 2335 (ιη
1410 2320 1453 2343 pro
1480 2312 1535 2344 <tua
1560 2310 1727 2343 (lilectione)?

87 2363 120 2378 an
139 2356 369 2387 praepeculiariter,
390 2356 617 2388 perpeculiariter?
688 2357 791 2381 flatibus
812 2357 841 2379 M

190 2397 248 2430 [IV]
287 2399 317 2422 ΠΙ
329 2399 452 2423 Balzmius
471 2399 494 2422 T
561 2398 592 2423 18
610 2408 639 2423 ac
653 2399 682 2423 M
694 2399 826 2429 Baluziue,
846 2402 870 2423 et
889 2399 911 2422 T
980 2397 1009 2422 19
1024 2399 1163 2423 Toletanae
1183 2398 1253 2422 urbis
1268 2399 1384 2430 episcopo
1403 2398 1526 2421 Baluzius
1596 2396 1627 2421 24
1642 2398 1727 2421 animo

87 2448 133 2464 om.
153 2440 278 2465 Bnluzius
373 2441 406 2465 ‘2ss
435 2443 501 2473 quod
530 2442 600 2466 velut
628 2442 753 2466 Baluzz'us
831 2445 941 2466 ostentat
964 2450 1019 2473 cyr),
1048 2445 1178 2465 ostentans
1207 2440 1257 2464 ΤΑ]
1285 2440 1409 2464 Baluziits
1510 2438 1543 2464 “27
1571 2441 1654 2472 spatia
1680 2448 1726 2463 om.

86 2482 211 2508 Baluzz'ue
281 2485 454 2509 albenscentia
478 2485 500 2508 T
567 2485 632 2509 soliis
652 2485 788 2509 viridantia
809 2489 865 2516 post
888 2485 1064 2509 mellificantia
1081 2485 1152 2515 punit
1171 2484 1295 2507 Balzzzius
1381 2483 1413 2507 29
1433 2484 1513 2507 crocei
1539 2483 1561 2506 T
1636 2482 1669 2507 30
1688 2484 1726 2506 sui

87 2527 192 2551 veritate
216 2526 240 2550 T
304 2526 336 2551 31
362 2528 463 2552 directis
487 2536 552 2559 quae
574 2536 630 2559 esso,
649 2528 776 2559 directisq;
806 2528 858 2551 Til!
874 2527 998 2551 Baluzius
1095 2527 1128 2551 32>
1152 2527 1346 2550 subministrant
1365 2526 1572 2550 examinantibus
1597 2534 1648 2557 eyn,
1669 2526 1725 2549 sul}

87 2569 258 2594 ministrantes
276 2571 421 2595 amantibus
446 2571 496 2594 Til]
514 2571 637 2595 Baluzius
713 2570 747 2595 33
760 2575 819 2601 post
839 2579 928 2594 sensus
947 2570 1067 2594 excidisse
1086 2571 1195 2602 sortasse
1214 2569 1312 2593 verbum
1333 2570 1407 2600 quale
1426 2569 1551 2593 delectent
1569 2569 1627 2592 bene
1647 2573 1727 2591 monet

93 2610 190 2636 Traube
277 2612 308 2637 34
335 2614 501 2637 inextimabili
526 2613 582 2644 TJJ,
603 2614 672 2645 efip.
687 2615 748 2644 289,
766 2616 779 2637 7
795 2617 817 2637 et
836 2612 887 2637 ind.
902 2622 920 2636 s.
935 2621 991 2636 voce

189 2687 204 2712 3
224 2688 330 2713 missam
349 2688 492 2722 Hippolyti
515 2697 580 2714 itum
595 2689 735 2721 perfecerit
754 2689 906 2722 Euyenius,
932 2697 984 2713 mm
1007 2690 1109 2713 constat
1130 2687 1290 2720 Ildephonso
1309 2688 1415 2711 tacente.
1453 2688 1528 2710 erant
1547 2687 1593 2718 qui
1613 2686 1726 2711 dicerent

87 2737 234 2769 (Antonius
253 2739 310 2764 bibl.
326 2742 369 2765 ret.
384 2739 461 2772 Hisp.
475 2744 497 2772 5,
511 2745 533 2772 5,
545 2743 604 2773 259)
623 2749 677 2766 eccm
696 2743 784 2766 extare
804 2740 831 2765 in
849 2739 932 2766 codice
952 2739 985 2771 E,
1007 2747 1089 2771 neque
1108 2741 1194 2764 tumen
1212 2737 1306 2763 Euam
1326 2737 1371 2765 (N.
1386 2737 1409 2761 A
1429 2736 1471 2762 VI
1482 2740 1585 2769 16801).
1599 2740 1647 2762 236
1660 2740 1725 2768 sqq.)

87 2790 200 2823 repperit

1743 949 1839 973 1.Ι«,11.4,
1854 954 1874 971 is

1775 1046 1793 1074 6
