2106 3061
358 191 413 220 124
937 180 1135 209 DRACONTH
1172 180 1278 207 SATIS
1285 179 1414 207 FACTIO

746 270 837 301 euius
861 268 901 300 nb
927 269 1061 311 imperio
1085 278 1222 309 surgens
1245 270 1278 298 et
1300 266 1423 308 origine
1448 265 1570 297 Caesar

681 330 728 357 180
789 321 959 363 Augustus
983 320 1100 352 meruit
1123 323 1249 362 tompus
1274 317 1394 350 habere
1420 317 1522 359 pium;

747 376 894 415 tempore
910 382 1049 414 namque
1066 370 1180 402 eodem
1198 374 1246 401 est
1263 374 1358 401 natus
1379 368 1420 400 de
1438 367 1562 410 virgine
1580 366 1739 406 Christus,

791 424 883 455 cuius
907 426 939 455 et
963 423 1093 454 emicuit
1117 421 1213 452 stella
1236 430 1294 464 per
1316 423 1405 452 astra
1429 419 1503 462 poli.

747 475 812 507 dux
837 475 986 517 princeps
1010 474 1175 505 Romanus
1200 475 1270 504 erat
1293 471 1332 503 de
1356 471 1500 514 principe
1524 469 1628 510 Titus,

791 528 818 558 si
843 537 903 558 non
929 528 1120 568 praestaret,
1143 524 1253 556 dicere
1277 533 1376 565 saepe
1400 522 1509 554 solens

682 587 730 613 185
747 577 959 620 ‘perdidimus
984 577 1043 608 hac
1067 577 1138 608 luce
1163 574 1269 615 diom‘‚
1294 575 1320 606 si
1344 574 1434 606 nulla
1457 573 1602 605 dedisset

791 639 852 660 non
878 632 1032 659 exoratus
1057 627 1213 670 praestita
1237 624 1448 668 supplicibus.

748 680 832 712 alter
855 680 899 711 ait
923 679 1075 722 princeps
1099 677 1224 709 modico
1248 686 1396 708 sermone
1419 678 1518 718 poeta

792 730 986 763 Commodus
1011 731 1190 772 Augustus,
1215 729 1263 760 vir
1285 729 1408 771 pictate
1432 727 1536 759 bonus

748 783 868 815 'nobile
892 786 1113 825 praeceptum,
1138 784 1291 819 rectores,
1316 780 1432 812 discite
1456 782 1529 822 post
1551 790 1619 812 me:

681 844 729 870 190
791 835 832 866 sit
856 834 958 866 bonus
982 834 1013 865 in
1038 834 1103 865 vita
1127 833 1178 875 qui
1202 832 1289 864 volet
1313 842 1384 864 esse
1408 830 1510 864 deus’.

748 897 824 918 ecce
848 885 924 928 quid
948 885 1104 928 impendit
1127 884 1247 916 homini
1271 883 1444 915 clementia
1467 882 1615 925 simplex,

793 942 827 969 ut
850 941 994 980 praestet
1017 938 1101 969 bona
1124 936 1204 968 dans
1229 936 1375 968 conferat
1397 939 1494 977 atque
1518 935 1657 967 animae.

752 1002 790 1023 ne
815 991 914 1022 facias
938 989 1091 1032 populum
1117 988 1318 1028 mendacem,
1342 988 1397 1030 qui
1421 987 1479 1019 tibi
1504 987 1624 1019 clamat

793 1043 925 1074 vocibus
950 1041 1125 1073 innumeris
1149 1039 1218 1072 ‘rex
1241 1039 1453 1082 dominusque
1477 1039 1575 1082 pius‘:

683 1106 730 1132 195
750 1099 785 1128 ut
808 1107 871 1127 vox
896 1106 973 1127 vera
997 1097 1091 1126 sonat
1113 1092 1295 1132 ‘dominus‘,
1320 1093 1366 1124 sic
1390 1103 1467 1124 vera
1489 1090 1584 1134 ‘pius‘
1606 1092 1661 1129 sit;

791 1149 877 1180 orbis
902 1149 932 1180 in
958 1159 1013 1180 ore
1038 1148 1125 1179 volat
1148 1146 1276 1189 puplica
1299 1157 1392 1178 merx
1416 1156 1594 1188 procerum.

751 1202 836 1233 fama
859 1201 975 1232 ducum
1000 1211 1070 1232 mos
1094 1203 1144 1231 est
1167 1199 1261 1231 bellis
1285 1199 1424 1230 collecta
1447 1199 1599 1238 eruentis,

795 1264 837 1285 cx
861 1253 976 1294 quibus
1001 1252 1140 1284 occurrit
1164 1261 1260 1293 saepe
1285 1254 1395 1282 reatus
1419 1253 1523 1282 atrox.

750 1305 861 1336 Gloria
884 1304 1042 1336 bellorum
1067 1303 1203 1334 ducibus
1229 1303 1422 1345 populisque
1446 1303 1626 1346 triumphos

680 1365 731 1392 200
793 1357 825 1388 in
850 1366 1019 1387 commune
1044 1355 1135 1386 datos
1159 1354 1272 1386 dividit
1295 1355 1503 1397 armipotens.

752 1419 826 1439 nam
850 1407 985 1439 ducibus
1009 1407 1086 1438 solis
1110 1409 1257 1448 praestat
1281 1407 1454 1439 clementia
1476 1406 1616 1447 laudem,

794 1469 857 1490 non
879 1459 980 1490 habet
1003 1458 1084 1490 haec
1109 1458 1260 1490 comitem
1284 1459 1540 1500 participemque
1563 1461 1672 1500 negat.

749 1511 827 1542 dicit
850 1511 894 1542 ‘in
919 1521 1009 1542 arma
1033 1520 1127 1552 pares
1150 1509 1269 1541 fuimus
1294 1520 1365 1541 oum
1388 1508 1543 1552 principe'
1566 1511 1672 1550 miles,

791 1560 854 1594 ‘me
877 1560 1055 1604 pugnante’
1078 1571 1186 1593 comes
1208 1559 1324 1593 ‘victor
1346 1561 1387 1593 ab
1410 1561 1502 1593 hoste
1524 1561 1631 1594 redis’.

682 1622 731 1650 205
751 1613 905 1655 numquid
927 1616 963 1644 ut
986 1613 1135 1654 ignoscat
1158 1615 1273 1653 rector,
1297 1622 1372 1654 pars
1395 1612 1506 1644 militis
1530 1612 1651 1646 intrat?

794 1665 855 1697 soli
880 1665 934 1707 qui
957 1664 1094 1706 ignoscit
1118 1664 1220 1706 gloria
1243 1663 1347 1695 laudis
1370 1664 1442 1696 erit.

751 1717 805 1758 qui
829 1716 909 1748 fodit
931 1715 1085 1747 adversos
1108 1715 1218 1747 hostes
1244 1715 1422 1747 certamina
1443 1715 1558 1747 Martis
1608 1742 1611 1744 ,

797 1768 927 1800 horrida
951 1777 1156 1806 concurrens,
1180 1767 1279 1798 vincit
1301 1767 1334 1798 in
1357 1777 1446 1799 arma
1468 1767 1624 1800 fremens:

754 1830 822 1859 rex,
847 1820 900 1862 qui
924 1819 979 1851 dat
1002 1819 1128 1851 veniam
1153 1818 1299 1850 subiecto
1324 1822 1356 1850 et
1379 1822 1540 1862 temperat
1562 1820 1636 1860 irati,

684 1880 734 1907 210
796 1872 869 1914 plus
894 1881 990 1913 quam
1013 1870 1108 1902 turba
1132 1870 1219 1910 facit,
1243 1870 1298 1912 qui
1322 1880 1382 1902 sua
1404 1870 1502 1902 corda
1524 1870 1644 1904 domat.

465 1954 512 1979 135·
532 1954 647 1978 Nobilem
669 1953 749 1977 Laur.
837 1951 888 1976 190
905 1952 968 1977 deus
984 1952 1011 1983 Γ,
1030 1952 1105 1977 diuus
1124 1952 1216 1983 Lama,
1235 1952 1275 1977 dei
1292 1952 1355 1984 Euq.
1443 1951 1492 1978 195
1510 1957 1583 1978 sonet
1599 1953 1626 1984 V,
1640 1961 1707 1979 corr.
1721 1953 1801 1979 Dulm
1883 1953 1931 1979 197
1951 1962 2005 1979 mos

370 1998 389 2021 l*
400 1998 472 2029 Ja'uyq
487 2006 555 2022 merx
568 1997 686 2025 Arci-alo,
706 2005 754 2020 non
770 1995 902 2025 Racheler,
916 2003 975 2019 sons
991 1994 1040 2019 Leo
1109 1994 1160 2019 204
1173 2002 1257 2020 eomes
1270 1995 1378 2027 seposuit
1395 1995 1496 2021 Traube
1565 1994 1616 2021 20ss
1629 1996 1788 2028 adversusV,
1801 2005 1868 2022 corr.
1879 1996 2006 2022 Bn‘cheler

467 2073 514 2098 153
533 2072 602 2097 Suel.
621 2071 666 2097 Tic.
681 2075 697 2097 8
711 2071 826 2104 qutrop.
843 2074 862 2102 Γ,
877 2074 914 2102 21,
928 2073 944 2096 3
957 2071 1057 2096 Auson.
1072 2074 1127 2103 419,
1145 2073 1175 2096 72
1246 2070 1295 2097 188
1313 2073 1403 2104 aperte
1417 2070 1587 2097 Commodum
1599 2071 1743 2104 confimdit
1756 2080 1815 2100 cnm
1830 2075 1910 2106 patre
1917 2072 2005 2106 philo-

361 2124 440 2157 sopho
463 2124 507 2156 (cf.
521 2123 610 2157 script.
623 2123 682 2149 hist.
697 2123 766 2157 Any.
781 2127 804 2155 -1,
821 2125 860 2154 18,
872 2126 894 2148 2.
907 2123 946 2156 3),
972 2130 1047 2155 quem
1069 2122 1201 2155 eleyanter
1219 2122 1351 2155 scripsisse
1377 2125 1401 2149 et
1423 2123 1576 2157 simpliciter
1593 2123 1710 2150 laudam>
1730 2124 1808 2151 rerba
1826 2124 1934 2151 modico
1953 2133 2006 2151 ser-

364 2185 441 2201 mone
462 2177 551 2209 pocta.
594 2183 755 2207 quamquam
778 2173 877 2199 (lictum
900 2175 955 2199 tum
979 2173 1093 2199 allatum
1110 2173 1288 2205 πωπω-(1111,-
1311 2173 1424 2206 sortasse
1447 2175 1537 2206 [ictum
1559 2177 1596 2202 est
1617 2175 1763 2202 secu-ndum
1787 2183 1817 2202 ea
1841 2183 1908 2209 quae
1931 2174 2007 2209 apud

364 2227 425 2260 imp.
445 2226 545 2252 Iuliam.
566 2228 637 2252 Caes.
651 2230 760 2259 1'·3-'1'·'³'⁰
778 2228 800 2251 c!
817 2228 888 2251 334⁰
907 2225 1040 2258 Ieymitur,
1067 2233 1134 2258 quae
1159 2225 1223 2251 mihi
1246 2224 1376 2252 indicavit
1396 2226 1526 2253 Baebelo·
1614 2227 1663 2254 189
1675 2237 1716 2262 sq.
1728 2227 1854 2262 leguntur
1870 2228 1902 2253 in
1918 2226 2007 2254 codice

364 2278 552 2304 Laurentiano
578 2278 624 2303 lat.
642 2277 746 2304 LXV]
761 2282 794 2303 40
816 2284 884 2302 succ.
904 2277 964 2309 IX3
991 2276 1047 2302 ride
1074 2276 1190 2309 Traube,
1214 2276 1335 2303 Peri-ona
1356 2277 1502 2304 Scottorum
1517 2286 1545 2312 p.
1559 2281 1622 2312 487,
1642 2282 1716 2306 2216.
1735 2283 1778 2312 17;
1797 2279 1866 2313 picti
1883 2278 2007 2305 videntur

363 2330 450 2361 fuisse
470 2329 499 2354 in
517 2330 628 2361 ccclesia,
647 2329 678 2355 ob
695 2328 743 2355 hoc
761 2329 874 2361 sortasse
892 2328 972 2354 divus
990 2328 1157 2354 substitutum
1177 2331 1212 2354 est
1231 2330 1343 2362 mitiquo
1362 2329 1428 2356 deus
1508 2330 1557 2358 197
1575 2331 1674 2365 accipe:
1691 2331 1789 2358 ducum
1806 2338 1861 2358 mos
1879 2333 1916 2358 est
1931 2330 2008 2364 sama

366 2390 396 2407 eu
414 2390 482 2414 quae
505 2381 574 2407 bellis
593 2381 740 2415 colliqitur5
763 2380 845 2406 soient
867 2381 916 2406 alii
934 2380 1069 2414 prinm'pes
1093 2387 1123 2406 ea
1145 2380 1215 2413 frui,
1240 2382 1268 2406 at
1289 2388 1346 2407 non
1359 2380 1475 2414 propria
1494 2389 1584 2408 eorum
1601 2384 1651 2416 est,
1673 2382 1769 2417 quippe
1786 2382 1932 2410 cornmunis
1949 2390 2008 2409 cum

365 2432 448 2466 υυῖῃο,
466 2432 576 2466 propriu
595 2435 643 2458 tua
663 2441 715 2459 csse
734 2432 803 2458 (lebet
823 2441 853 2458 ea
871 2440 939 2465 quae
957 2431 1090 2458 clementia
1105 2434 1223 2465 paratur
1293 2433 1343 2460 199
1363 2432 1414 2459 Cic.
1424 2441 1478 2467 pro
1492 2433 1622 2461 Marcello
1636 2437 1652 2461 6
1670 2433 1786 2462 bellicas
1804 2433 1900 2461 laudes
1918 2433 2008 2462 solent

368 2484 481 2517 quidam
501 2486 648 2510 extenuare
662 2483 753 2511 verbis
772 2491 873 2517 easque
892 2483 1036 2510 detrahere
1050 2483 1173 2515 ducibus,
1193 2484 1394 2511 communicare
1413 2494 1474 2512 cum
1493 2485 1598 2518 multis,
1616 2493 1651 2513 ne
1668 2485 1799 2521 propriae
1816 2485 1874 2513 sint
1891 2485 2008 2520 impera-

367 2538 457 2561 torum
477 2544 528 2569 eqs.
551 2536 678 2569 imprimis
699 2540 725 2561 11
749 2536 817 2562 haee
845 2535 918 2562 enim
946 2545 988 2563 res
1007 2536 1086 2562 unius
1105 2538 1145 2563 est
1166 2536 1278 2570 propria
1303 2536 1330 2563 C.
1351 2535 1489 2568 Caesaris,
1512 2538 1620 2564 ceterae
1649 2538 1717 2565 duce
1744 2538 1773 2565 te
1795 2538 1941 2572 gestae...
1959 2536 2008 2564 sed

369 2589 461 2613 tamen
484 2587 571 2613 multo
591 2597 745 2623 umgnoque
764 2588 908 2615 comitutu.
945 2588 1026 2615 huius
1045 2590 1138 2615 autem
1158 2588 1196 2615 rei
1219 2591 1250 2616 tu
1273 2589 1346 2616 idem
1369 2598 1398 2616 es
1422 2592 1450 2617 et
1473 2590 1527 2617 dux
1553 2592 1582 2618 et
1600 2599 1698 2618 comes·
1737 2589 1842 2617 Fronto
1859 2589 1897 2616 ad
1914 2589 2007 2617 Verum

365 2649 392 2674 1¹-
410 2646 462 2673 120,
481 2646 507 2667 19
520 2640 554 2667 N.
591 2641 759 2668 bellicae...
780 2644 843 2668 tune
862 2641 958 2669 laudes
977 2644 1005 2668 et
1023 2642 1135 2669 adoriae
1156 2643 1256 2669 multos
1276 2642 1361 2670 habes
1380 2642 1556 2671 administros
1630 2643 1681 2671 204
1701 2641 1796 2669 Claud.
1811 2644 1853 2675 34,
1866 2645 1901 2669 40
1919 2640 2008 2669 vietor

367 2693 402 2718 nl·
423 2693 500 2719 hosti·
529 2693 598 2719 redis
684 2694 733 2721 2²07
753 2694 800 2727 qui
817 2693 884 2725 fodit
903 2694 995 2727 hostes,
1015 2695 1099 2728 vincit,
1118 2695 1187 2722 hanc
1205 2696 1287 2723 solam
1305 2696 1382 2723 habet
1398 2697 1511 2731 gloriam
1529 2703 1598 2730 quae
1615 2696 1693 2722 etiam
1710 2694 1790 2721 militi
1807 2694 1940 2721 contenit:
1961 2701 2008 2721 rex

368 2745 414 2778 qui
428 2746 543 2778 iynoscie,
563 2746 683 2771 nutriorem
703 2746 750 2771 sibi
760 2748 840 2779 parat
855 2745 981 2772 adoream
1058 2747 1131 2780 Very.
1145 2747 1200 2773 buc.
1214 2752 1252 2781 10,
1266 2752 1296 2774 45
1309 2749 1387 2781 (Aen.
1401 2752 1440 2781 12,
1453 2750 1513 2782 266)
1523 2748 1653 2775 adversos
1662 2767 1668 2774 .
1680 2768 1686 2774 .
1697 2767 1703 2774 .
1716 2747 1810 2774 hostes
1879 2745 1931 2774 210
1943 2753 2007 2780 pro-

369 2797 432 2822 γει-11.
449 2800 529 2828 1⁶‚32
548 2797 643 2824 melior
662 2801 703 2825 cst
723 2797 833 2832 patiens
851 2799 909 2825 viro
929 2798 992 2825 sorti
1012 2801 1039 2825 et
1059 2798 1106 2832 qui
1126 2799 1284 2827 dominatur
1303 2800 1395 2827 animo
1415 2809 1472 2832 suo,
1491 2801 1681 2835 expugnatore
1700 2798 1809 2826 urbium
