2106 3061
342 224 402 254 291)
891 220 1041 247 Exul-:Nu
1061 220 1245 248 TOLETANI
1265 219 1427 248 EPlscol‘l

342 308 517 344 ordinibus,
542 309 777 352 praetermissis
801 308 978 350 scripturis,
1009 319 1088 349 quas
1113 307 1197 340 idem
1222 308 1360 340 virorum
1378 308 1603 340 sanctissimus
1626 319 1667 341 ex
1691 309 1802 343 ordine
1820 312 1981 353 tractavit,

340 360 468 392 adiutus
493 361 691 392 orationibus
715 360 831 391 vestris
859 360 991 402 explere
1019 360 1139 391 curavi.
1186 359 1462 402 praefatiunculas
1491 370 1619 403 quoque
1649 361 1795 394 eiusdem
1819 362 1982 396 codicibus

341 417 556 444 consonantes
580 411 744 454 decerpsi,
776 421 856 453 quas
887 412 983 442 etiam
1007 412 1038 443 in
1063 411 1168 454 capita
1193 411 1345 443 librorum
1369 412 1559 454 praeposui,
1588 416 1748 454 quatenus
1771 413 1840 456 ipse
1864 414 1927 447 sibi
1950 415 1983 448 iu

339 465 404 496 suis
441 467 656 506 anteponatur
690 463 826 505 eloquiis
870 463 923 504 qui
951 463 1110 504 largiente
1145 463 1250 505 gratia
1273 462 1394 495 Christi
1428 463 1590 505 copiosius
1620 463 1713 496 nobis
1752 464 1983 508 multiplicibus

339 516 464 548 exstitit
488 515 611 547 officiis.
655 515 744 557 ipsos
768 514 866 545 etiam
897 514 1025 546 codices
1056 514 1220 546 laboriosa
1247 514 1380 546 nimium
1410 515 1588 547 intentione
1613 516 1768 548 collectos
1791 516 1982 558 prudentiae
2010 529 2023 550 s

341 571 468 600 vestrae
495 567 592 598 malui
619 567 819 598 committere
855 566 1069 605 contuendos,
1104 567 1134 598 in
1166 565 1282 608 quibus
1316 566 1342 598 si
1369 566 1529 609 quaedam
1566 568 1777 610 sagacissima.
1811 569 1984 612 vestigatio

341 623 446 650 vestra
471 619 648 661 reppererit
671 618 851 650 inordinate
875 619 1061 660 composita,
1085 628 1146 649 non
1170 622 1235 649 tam
1259 619 1487 660 neglegentiae
1510 619 1648 661 culpam,
1678 630 1773 662 quam
1796 622 1985 654 necessitati

340 670 514 709 adscribat,
551 671 626 713 quia
660 670 734 701 dum
761 670 908 702 vehiculo
943 680 1064 712 parvae
1093 670 1267 712 scaphulae
1305 671 1397 712 quasi
1431 671 1613 702 inmensum
1647 671 1781 714 pelagus
1820 673 1984 706 solitarius

342 727 437 754 nauta
454 723 662 764 navigaturus
680 722 861 764 aggredior,
887 733 958 754 cum
975 722 1125 754 maximis
1141 722 1387 755 difficultatibus
1410 723 1559 755 latissimi
1583 725 1733 766 aequoris
1756 724 1851 757 huius
1874 726 1982 769 spatia

343 775 537 807 transmeavi
562 774 759 816 tandemque
784 774 822 805 ad
847 778 989 816 optatam
1013 774 1158 816 requiem
1183 774 1311 806 Christo
1335 775 1538 817 gubernante
1560 777 1702 818 perveni.
2001 786 2026 812 ιο

252 823 287 852 15
444 838 494 862 en,
519 826 769 869 prudentissime
787 827 937 863 virorum,
961 831 996 858 ut
1015 837 1183 858 causarum
1209 827 1340 860 ordines
1362 828 1550 870 singillatim
1566 829 1829 872 perstringerem,
1853 828 1983 862 modum

343 880 509 911 brevitatis
533 879 677 913 excessi.
713 879 804 920 quia,
839 883 874 909 ut
898 879 943 910 ait
967 879 1096 920 quidam
1121 879 1340 916 doctissimus,
1372 879 1448 911 dum
1472 880 1561 922 figuli
1585 884 1656 912 rota
1680 884 1829 913 currente
1852 891 1986 914 urceum

342 932 448 962 facore
485 931 579 968 nitor,
613 931 800 973 amphoram
837 931 928 962 finxit
963 941 1089 964 manus.
1135 935 1187 963 ast
1225 942 1286 974 ego
1321 931 1397 963 dum
1426 932 1559 964 brevem
1588 933 1751 975 pagellam
1780 932 1986 966 conscribere

343 983 454 1016 malui,
486 983 630 1014 libellum
656 993 768 1013 manus
792 982 920 1013 indocta
945 983 1136 1025 composuit.
1183 983 1317 1015 obsecro
1341 984 1441 1026 igitur
1463 987 1510 1023 te,
1543 985 1683 1016 virorum
1707 985 1924 1024 sanctissime,
1953 988 1986 1018 et

343 1045 454 1066 omnes
479 1034 592 1076 quibus
627 1034 722 1065 huius
758 1034 865 1076 operis
896 1035 993 1067 lectio
1027 1046 1090 1066 non
1117 1035 1332 1077 displicuerit,
1361 1039 1396 1068 ut
1419 1036 1479 1068 hos
1503 1036 1631 1069 libellos
1654 1037 1745 1069 velut
1771 1036 1835 1068 duo
1863 1037 1986 1069 minuta
2003 1044 2026 1070 ιε

146 1087 374 1118 0111uc.2=,1.2in
404 1086 634 1128 gazophylacio
670 1087 780 1128 templi
817 1087 937 1118 domini
973 1087 1141 1119 conlocare
1172 1086 1349 1129 dignemini
1386 1098 1423 1120 ac
1454 1099 1512 1130 pro
1545 1089 1627 1120 meis
1659 1088 1830 1120 abluendis
1858 1088 1984 1122 delictis

343 1139 491 1180 pervigili
515 1139 693 1170 intentione
718 1139 786 1170 eius
810 1139 1061 1170 misericordiam
1085 1139 1262 1181 deprecare
1289 1150 1353 1171 non
1378 1140 1609 1182 dedignemini,
1632 1144 1668 1172 ut
1691 1141 1833 1173 aeternis
1855 1144 1985 1183 ereptus

343 1190 498 1222 incendiis
526 1191 731 1232 sempiternis
767 1191 862 1222 solari
894 1202 1020 1223 merear
1055 1191 1240 1233 refrigeriis.
1294 1192 1381 1232 vale,
1413 1193 1456 1224 mi
1489 1192 1686 1224 venerabilis
1714 1203 1751 1224 ac
1781 1193 1985 1225 sanctissime

343 1242 480 1273 domine.

445 1365 456 1390 1
479 1366 543 1390 idem
564 1365 647 1396 Rfsco,
670 1366 747 1390 isdem
772 1366 796 1389 T
809 1365 944 1397 Baluxitts,
964 1366 1060 1391 hisdem
1074 1365 1106 1390 M
1173 1365 1188 1390 3
1207 1366 1290 1398 capite
1309 1366 1342 1390 ΑΙ
1407 1365 1423 1390 4
1442 1370 1629 1399 anteponantur
1647 1367 1671 1391 T
1733 1367 1852 1400 copiosus
1863 1367 1987 1393 Baluziu·

377 1408 391 1433 7
411 1409 517 1441 reperiet
532 1407 579 1439 (T)
650 1409 806 1434 necessitatis
820 1409 945 1433 Baluzius
1015 1409 1031 1434 8
1049 1409 1155 1442 scapule
1170 1409 1232 1440 MT,
1251 1410 1372 1434 scabulae
1391 1409 1516 1434 Baluzius
1586 1410 1738 1435 solicitarius
1756 1410 1780 1434 T
1846 1408 1879 1435 10
1896 1410 1986 1436 littoris

347 1453 457 1483 requiem
472 1452 603 1481 Balnzius,
623 1452 732 1483 sbrlasse
744 1456 809 1476 recte
885 1451 913 1476 11
933 1452 1064 1485 sigillatim
1083 1452 1208 1477 Balnzins
1277 1454 1472 1486 prestringerem
1487 1453 1521 1478 M
1588 1452 1620 1478 12
1637 1454 1697 1485 quia
1710 1454 1747 1486 M,
1765 1457 1790 1479 et
1802 1452 1851 1486 (7)
1863 1454 1987 1480 Baluzim

377 1495 449 1527 sugili
476 1495 500 1518 T
594 1494 625 1519 13
650 1495 716 1519 nitor
735 1495 796 1524 MT,
827 1496 890 1520 nitet
909 1495 935 1520 in
953 1500 1082 1525 contextu,
1108 1497 1198 1521 nititur
1222 1497 1248 1521 in
1272 1497 1389 1529 niaryirze
1416 1496 1542 1521 Baluzius
1627 1500 1668 1521 ast
1690 1505 1738 1529 ego
1760 1496 1893 1528 Baluziue,
1915 1498 1987 1524 adest

341 1547 400 1570 erg«)
421 1538 456 1566 M,
475 1538 594 1571 adstergo
619 1538 642 1562 T
738 1538 768 1563 15
795 1547 864 1563 nune
887 1539 1046 1572 displicuerit
1066 1540 1096 1564 M
1119 1544 1142 1564 et
1165 1540 1191 1564 iu
1210 1544 1326 1565 contextu.
1348 1539 1482 1570 Baluzius,
1505 1549 1557 1565 non
1575 1541 1598 1564 d.
1617 1538 1666 1571 (Ἰ)
1684 1539 1810 1565 Βαὶιιιῐιω
1826 1540 1855 1565 in
1871 1541 1987 1574 nnat-qius

379 1581 409 1606 16
427 1581 599 1614 gazophilatio
621 1581 655 1612 ,ll,
674 1581 825 1613 gazofilacio
850 1581 876 1613 T,
895 1582 1079 1615 gazophylacia
1097 1582 1222 1607 Balnzius
1311 1581 1342 1607 17
1361 1592 1394 1608 no
1418 1583 1441 1607 T
1524 1582 1555 1608 19
1573 1584 1655 1608 Amen
1673 1583 1774 1608 addzmt
1797 1583 1851 1608 TA!

451 1692 482 1718 12
500 1692 535 1724 cf.
549 1692 615 1718 Hor.
629 1700 674 1717 ars
684 1695 751 1725 poet.
765 1695 794 1718 21
813 1693 947 1726 amphora
967 1692 1060 1727 coepit
1080 1693 1201 1720 institui:
1222 1695 1349 1720 currente
1361 1694 1424 1720 rota.
1443 1703 1491 1720 cur
1503 1703 1600 1721 urceus
1610 1694 1675 1721 exit.
1700 1702 1759 1720 cum
1769 1697 1860 1721 tamen
1871 1694 1988 1722 Bmulio

341 1748 438 1777 1’·‘—'“>'⁶·
456 1748 484 1770 12
503 1743 578 1769 rebus
597 1746 620 1769 et
640 1743 695 1777 ipse
711 1745 867 1776 permutatis
886 1744 974 1770 euclem
989 1747 1074 1778 ponat
1091 1745 1180 1777 rerba,
1201 1747 1312 1779 uterque
1330 1745 1433 1772 ‘novisse
1451 1745 1552 1772 uidetur
1564 1745 1731 1780 moverbium
1750 1754 1768 1772 α
1785 1746 1869 1773 nescio
1887 1754 1938 1780 quo
1955 1753 1988 1773 ex

346 1795 454 1821 Huffaeii
474 1803 547 1821 versu
565 1795 693 1821 detortum
712 1798 734 1821 cl
754 1796 880 1822 trochaeis
900 1797 1028 1822 indutum
1047 1797 1127 1830 quale
1147 1806 1257 1824 urceum
1276 1797 1340 1824 dum
1365 1798 1455 1825 faeere
1480 1797 1566 1830 nitor,
1586 1798 1749 1832 amphoram
1773 1797 1854 1825 finxit
1881 1806 1986 1826 manus.

375 1847 438 1873 hacc
455 1847 618 1879 scripseram,
637 1855 691 1873 cece
713 1847 816 1873 Traube
834 1847 972 1875 adim-enit
997 1849 1062 1875 locos
1081 1849 1128 1882 qui
1146 1852 1288 1875 secuntur:
1314 1849 1427 1876 Braulio
1451 1850 1524 1883 epn'st.
1543 1854 1577 1876 44
1600 1850 1708 1885 (Miyne
1727 1853 1770 1883 80,
1783 1851 1869 1883 699Α)
1894 1852 1931 1881 et.
1956 1852 1988 1878 ut

344 1898 386 1925 ait
404 1898 525 1932 qnidam,
546 1899 610 1925 dum
630 1908 740 1926 urceum
755 1900 843 1926 stit-ere
862 1900 942 1931 nitor,
962 1900 1124 1935 amphoram
1146 1901 1225 1928 tinxit
1239 1909 1342 1928 manus.
1371 1901 1446 1935 epist.
1462 1905 1489 1928 11
1503 1901 1616 1935 (ibidp.
1631 1901 1720 1935 65813)
1737 1910 1779 1933 en,
1798 1901 1864 1928 dum
1876 1910 1987 1929 urceum

347 1950 446 1983 lingere
472 1950 548 1981 vole,
575 1953 607 1977 ut,
634 1951 673 1977 ait
699 1951 894 1983 Terentius,
925 1953 1088 1986 amphoram
1122 1952 1202 1979 finxit
1228 1961 1334 1979 manus.
1382 1953 1496 1979 Hieron.
1515 1953 1588 1986 mist.
1610 1957 1666 1985 107,
1682 1956 1698 1980 3
1719 1953 1824 1987 (Miyne
1841 1957 1874 1980 22
1893 1956 1989 1987 12680

351 2001 428 2033 Van.)
457 2010 544 2034 paene
571 2001 663 2036 lapsus
690 2012 749 2028 sum
773 2003 808 2029 ad
827 2003 911 2029 aliam
931 2003 1076 2030 materiam
1102 2006 1131 2031 et
1149 2006 1275 2031 currente
1298 2006 1360 2032 rota
1379 2005 1443 2031 dum
1467 2013 1578 2031 urceum
1598 2005 1688 2032 facere
1707 2004 1808 2039 cogito,
1827 2005 1988 2039 amphoram

344 2054 422 2082 finxit
441 2065 543 2082 manus.
581 2064 680 2082 versam
701 2057 789 2090 ἐφἰιιν,
807 2057 854 2090 qui
872 2066 927 2083 non
954 2060 989 2084 esc
1010 2058 1118 2084 Terenti
1135 2066 1219 2091 neque
1237 2058 1320 2084 ullius
1335 2058 1420 2092 prisci
1432 2061 1530 2092 poetae,
1549 2066 1580 2085 ea:
1599 2058 1774 2092 Hieronymo,
1797 2058 1845 2092 qui
1860 2060 1928 2084 rede
1945 2063 1989 2084 ezo-

342 2108 435 2140 pressit
450 2107 549 2133 Horati
562 2115 674 2139 sensum,
694 2108 768 2134 rerba
786 2117 841 2135 uon
860 2109 927 2142 item,
944 2109 1024 2141 fiuxit
1039 2113 1118 2143 poeta
1130 2111 1215 2136 nescio
1234 2111 1294 2143 quis
1307 2110 1478 2143 christianus
1496 2119 1514 2136 α
1533 2118 1586 2143 quo
1597 2112 1768 2143 suntpserunt
1784 2108 1905 2143 Hispani
1919 2108 1988 2141 faho

347 2162 456 2191 uterquc
476 2159 663 2192 interpretatus
681 2159 711 2185 dc
729 2161 923 2194 maynitudinis
940 2161 1091 2188 discrimine
1175 2162 1206 2188 18
1225 2162 1326 2194 confert
1349 2161 1453 2188 Traube
1470 2161 1584 2188 eiusdem
1606 2161 1715 2187 Taiom's
1728 2161 1817 2195 praef.
1833 2160 1869 2187 ad
1887 2159 1985 2194 Quis-ic.

347 2210 438 2243 Μίῃηε
459 2215 500 2241 δυ,
517 2210 585 2236 73οὓ
604 2213 740 2244 quatenus
761 2211 926 2238 infernorum
947 2213 1051 2246 ignium
1073 2223 1180 2240 caream
1200 2213 1348 2248 suppliciis
1367 2215 1395 2240 et
1409 2233 1414 2239 .
1429 2233 1454 2240 ..
1474 2213 1596 2240 aeternis
1612 2212 1697 2240 solari
1715 2221 1822 2240 merear
1837 2210 1986 2247 refrigeriis

381 2262 414 2287 20
431 2265 542 2287 ceteram
556 2262 741 2288 adnotandum
760 2271 810 2288 nos
821 2263 914 2289 habere
933 2264 1006 2291 illins
1024 2265 1132 2291 Taimu's
1144 2265 1238 2298 (meris,
1256 2265 1287 2291 dc
1305 2273 1356 2298 quo
1368 2264 1423 2298 aqit
1435 2265 1550 2298 epistola,
1567 2264 1747 2291 recensionem
1764 2264 1805 2290 vel
1815 2263 1987 2298 upoyraphon

349 2313 578 2346 Uacsarunyustac
591 2316 703 2346 tempore
717 2315 844 2339 turnultus
856 2314 1001 2340 Vasconum
1015 2316 1131 2347 laeetani,-
1143 2318 1206 2341 siml
1219 2315 1374 2342 sententiae
1387 2314 1474 2341 editae
1487 2323 1503 2340 a
1519 2314 1640 2341 Flore-31⁸⁰
1651 2315 1779 2348 (Espasta
1790 2322 1861 2348 ευριπ
1878 2312 1990 2340 XXXI

345 2372 371 2395 p.
387 2366 523 2395 171—5-14,
544 2363 604 2389 inde
625 2364 719 2397 Miync
737 2370 778 2396 κο,
798 2367 957 2397 727-990);
983 2366 1046 2391 Ἰἀίο
1065 2366 1173 2399 Quirico
1191 2365 1323 2399 quemlnm
1342 2366 1454 2398 miserat,
1472 2369 1531 2399 post
1549 2366 1665 2399 repetivit
1683 2366 1790 2401 (Μίφιε
1807 2369 1850 2399 80,
1866 2366 1949 2397 730⁰)
