2106 3061
692 170 843 198 EVGENII
879 172 1112 200 SATISFACTIO
1663 181 1721 210 123

493 259 526 287 at
549 257 576 288 si
600 259 732 288 venator
754 257 919 299 trepidans
944 259 1105 291 venabula
1128 264 1227 302 ponat

535 308 663 339 territus
689 311 721 339 et
743 308 859 349 iaceat,
883 320 958 341 mox
980 311 1065 351 perit
1088 311 1134 342 ira
1157 312 1290 344 cadens:

491 359 606 391 temnit
629 359 750 401 praedo
775 361 873 399 cibos⁷
899 371 978 402 quos
1004 372 1067 393 non
1090 362 1168 393 facit
1191 364 1260 404 ipse
1285 364 1431 405 cadaver,

339 418 389 446 120
534 422 572 443 ac
595 411 682 443 ferus
706 412 855 453 ignoscit,
880 423 940 444 ceu
963 413 1040 444 satis
1065 414 1211 456 accipiat,

436 479 472 497 145
493 466 525 495 et
548 463 603 494 dat
625 466 785 505 prostrato
812 464 940 495 veniam
965 465 1033 496 sine
1058 466 1190 498 vulnere
1214 467 1317 498 victor

533 525 588 547 ore
611 515 793 547 verecundo
819 515 963 547 deiciens
988 517 1109 549 oeulos.

491 566 537 597 sic
560 569 625 606 tua,
650 569 811 608 regnator,
836 577 900 598 non
924 567 1012 609 inpia
1035 568 1194 609 frangitur
1217 569 1273 608 ira,

534 628 606 649 cum
631 618 798 649 confessus
823 619 884 650 erit
908 619 1042 650 crimina
1065 623 1158 660 gesta
1181 630 1271 656 reus;

338 675 385 701 125
490 668 683 710 ignoscendo
708 670 779 711 pius
804 669 896 701 nobis
920 670 1047 702 imitare
1072 671 1261 711 Tonantem,

435 735 471 754 150
533 721 586 762 qui
608 721 755 762 indulget
778 721 880 763 culpis
906 724 937 752 et
960 722 1090 752 veniam
1114 722 1233 753 tribuit.

489 772 642 813 principis
666 772 826 813 inperium
851 772 955 804 simile
981 776 1030 804 cst
1054 773 1095 804 ad
1118 783 1219 814 regna
1244 784 1394 815 superna,

531 825 566 854 ut
589 824 674 854 canit
698 823 738 854 ad
763 824 901 866 populos
925 824 1045 865 pagina
1070 828 1182 856 sancta
1205 825 1267 864 dei,

488 875 651 916 sacrilegis
676 875 820 906 referens
845 876 1000 907 caelestia
1025 876 1096 907 iura
1120 877 1268 915 catervis,

336 933 385 960 130
531 927 657 958 vinctus
682 927 859 968 apostolica
883 927 1098 968 discipulante
1123 938 1230 960 manu.

433 993 468 1011 155
488 988 595 1010 nonne
620 978 673 1010 dei
696 982 871 1020 praecepta
894 979 1006 1010 iubent
1030 990 1069 1010 ne
1095 980 1141 1010 sol
1166 980 1259 1011 cadat
1282 980 1406 1011 intrans

530 1029 692 1062 irascente
716 1031 790 1069 alio,
815 1041 855 1062 ne
879 1031 982 1061 malus
1007 1034 1098 1062 extet
1121 1031 1238 1062 homo?

486 1092 544 1113 rex
567 1081 769 1113 inimicorum
794 1082 920 1124 populis
945 1093 1099 1114 mucrone
1122 1084 1268 1124 pepercit

530 1133 636 1164 David
660 1137 693 1165 et
717 1134 850 1165 sceleris
875 1137 981 1165 certus
1005 1134 1133 1165 adulter
1157 1138 1240 1166 erat:

335 1193 384 1219 135
489 1185 658 1217 confessus
682 1186 806 1217 facinus
830 1186 955 1218 veniam
980 1197 1036 1228 pro
1061 1186 1154 1218 clade
1178 1189 1319 1218 meretur

432 1251 469 1270 100
530 1237 646 1268 noxius
670 1237 789 1279 inpune
813 1238 865 1269 vel
889 1238 957 1269 sinc
981 1241 1084 1269 morte
1108 1249 1194 1277 reus⁷

488 1289 621 1330 insuper
644 1292 676 1320 et
700 1288 852 1320 Salomon
877 1289 991 1320 eadem
1015 1290 1149 1321 muliere
1175 1292 1316 1321 creatus:

530 1340 584 1381 qui
608 1341 713 1371 scelus
736 1340 874 1380 admisit,
898 1351 1014 1372 munus
1038 1341 1169 1372 honoris
1194 1341 1301 1372 habet.

487 1402 549 1423 non
574 1392 634 1422 fuit
658 1392 710 1423 hic
735 1392 888 1423 Salomon
913 1395 1002 1423 casta
1026 1392 1065 1424 de
1090 1393 1228 1434 coniuge
1253 1396 1356 1431 natus,

335 1451 383 1477 140
531 1443 587 1475 sed
612 1444 743 1475 sceleris
768 1444 890 1475 fructus
915 1447 1044 1486 sceptra
1067 1447 1203 1486 paterna
1226 1447 1326 1477 tenet.

428 1511 464 1529 165
484 1505 560 1527 ecce
586 1495 662 1536 quid
686 1495 832 1537 inpendit
855 1496 956 1537 patris
981 1496 1153 1527 clementia
1177 1506 1314 1538 parcens

529 1550 564 1578 ut
588 1547 649 1578 sibi
672 1558 772 1588 regna
796 1547 897 1585 daret,
922 1547 1002 1578 haec
1026 1547 1119 1578 daret
1143 1550 1175 1579 et
1198 1548 1311 1579 suboli.

484 1599 554 1640 ipse
579 1599 782 1630 inimieorum
807 1598 960 1630 Salomon
984 1609 1047 1630 non
1072 1599 1154 1630 colla
1178 1600 1336 1641 poposcit,

529 1661 601 1681 cum
625 1653 753 1692 peteret
777 1650 951 1689 dominum,
977 1650 1033 1681 sed
1060 1651 1214 1692 sapientis
1238 1661 1346 1692 opem:

333 1710 381 1736 145
486 1702 592 1733 extitit
615 1702 666 1733 hic
689 1702 840 1744 prudens,
865 1703 940 1744 quia
963 1703 1066 1733 noluit
1091 1713 1162 1734 esse
1188 1706 1349 1743 cruentus,

428 1769 465 1787 170
526 1754 745 1795 pacificusque
768 1754 829 1785 fuit
853 1754 1041 1795 consiliique
1065 1757 1176 1786 tenax.

484 1804 668 1847 Stephanus
692 1808 766 1836 ante
791 1806 871 1837 alios
896 1805 1039 1847 lapidum
1064 1805 1122 1836 sub
1146 1805 1302 1847 grandine
1326 1809 1449 1847 martyr

527 1867 585 1898 pro
609 1856 753 1888 hostibus
779 1857 891 1888 orabat
915 1860 1029 1898 sponte
1055 1857 1121 1888 suis
1147 1857 1290 1891 venianu

483 1908 563 1939 haec
587 1908 672 1939 bona
696 1909 884 1950 simplicitas
909 1911 1054 1950 praestat
1077 1909 1186 1939 ieiuna
1209 1909 1349 1939 cruoris:

333 1967 381 1994 150
526 1960 575 1991 vir
597 1960 666 1991 sine
690 1963 792 1991 morte
818 1960 928 1991 furens
953 1960 997 1991 nil
1022 1959 1119 1991 habet
1142 1960 1211 2001 ipse
1236 1960 1337 1991 necis.

429 2027 464 2046 175
485 2010 608 2043 Caesar
630 2011 749 2053 ubique
773 2014 887 2053 potens
912 2012 997 2043 hosti
1021 2014 1092 2053 post
1114 2011 1203 2043 bella
1227 2011 1373 2052 pepercit

527 2063 584 2105 (et,
609 2063 694 2105 quod
719 2067 788 2094 erat
811 2064 914 2105 peius,
940 2064 1017 2094 civis
1042 2066 1074 2094 et
1097 2063 1198 2094 hostis
1224 2063 1322 2103 erat):

485 2118 598 2156 sponte
621 2115 810 2146 facultatem
834 2115 975 2146 retinens
1001 2115 1161 2156 reparavit
1185 2114 1334 2153 honores,

527 2166 601 2198 inde
626 2170 762 2198 vocatus
789 2166 866 2206 abit⁷
891 2167 1006 2208 dignus
1031 2167 1163 2206 honore,
1187 2169 1289 2208 pater.

180 2304 229 2330 122
252 2306 398 2331 uerecunda
416 2305 450 2328 JI
545 2304 593 2330 123
612 2306 649 2330 Sit
673 2305 712 2330 11η
807 2304 856 2330 124
880 2305 956 2330 fuerit
976 2305 1015 2329 F¹
1108 2303 1158 2329 124
1175 2303 1256 2335 sjiesta
1276 2303 1314 2327 F¹
1335 2303 1506 2335 superscripta
1525 2307 1560 2326 est
1576 2306 1586 2326 t
1604 2310 1679 2333 super
1699 2302 1715 2331 i,

76 2349 215 2380 subscripta
233 2358 251 2381 g
330 2348 378 2374 128
397 2349 472 2373 Canit
490 2349 522 2373 ad
541 2349 590 2380 F1,
610 2354 635 2374 et
657 2349 794 2380 interponit
813 2349 860 2379 ΙΝ,
884 2349 952 2372 unde
971 2348 1044 2372 Canit
1062 2348 1084 2372 δι
1103 2348 1135 2372 ad
1155 2347 1179 2371 Γ
1258 2346 1306 2370 130
1326 2347 1431 2370 Vinctus
1450 2346 1534 2377 (MP),
1553 2346 1641 2369 Victus
1662 2345 1714 2375 (tus

76 2399 156 2423 supra
169 2391 272 2423 lineam)
288 2391 316 2416 F
364 2392 509 2424 apostoloca
523 2392 562 2416 Ι1η
617 2393 785 2424 discipulante
799 2392 835 2422 ill,
851 2392 976 2423 discipula
991 2392 1026 2422 (ta
1039 2400 1115 2423 super
1129 2400 1151 2419 a,
1165 2395 1190 2414 a!
1205 2390 1230 2414 ῐη
1243 2390 1357 2421 νηιιιῃίνηθ
1370 2388 1432 2419 -lafD
1449 2389 1479 2419 F,
1493 2388 1677 2419 disciplinaque
1692 2387 1716 2410 P

110 2433 159 2459 132
177 2439 259 2460 exstet
277 2444 328 2459 uno
343 2435 374 2459 M
441 2434 490 2460 134
510 2440 568 2460 ame
586 2436 688 2460 sceleris
707 2444 802 2459 rasura
822 2435 848 2459 in
862 2434 889 2458 F
956 2433 1004 2459 138
1023 2435 1109 2458 amisit
1123 2433 1161 2457 Γ1
1235 2432 1283 2457 139
1302 2433 1343 2456 hic
1357 2441 1402 2456 om.
1418 2431 1457 2455 F¹
1529 2429 1715 2455 140te11e11tP

110 2476 159 2502 142
177 2482 294 2510 regnaret
313 2479 359 2503 hec
378 2478 448 2503 daret
466 2478 503 2509 M,
522 2487 602 2510 regna
621 2479 691 2503 daret
710 2482 734 2503 ot
752 2478 796 2509 (an
815 2477 863 2502 ec:Z
882 2477 913 2508 F,
933 2478 979 2502 hee
998 2477 1031 2507 P)
1051 2477 1119 2501 ‹lai-et
1139 2476 1190 2500 FP
1270 2474 1318 2500 145
1337 2475 1423 2499 Estitit
1442 2474 1509 2498 F2P
1596 2472 1645 2496 145
1665 2474 1712 2496 Pro

77 2519 210 2552 (NJostibus
228 2521 262 2545 sic
282 2521 362 2545 MFP
448 2520 496 2546 149
516 2522 547 2546 Et
571 2521 607 2552 M,
630 2522 666 2545 Ec
684 2521 727 2545 F¹
797 2522 891 2552 geiuna
912 2520 939 2543 F
1022 2519 1068 2544 151
1089 2523 1178 2551 potens
1197 2518 1273 2543 octiui
1293 2521 1348 2550 post
1368 2517 1435 2541 uella
1454 2516 1504 2547 1³¹,
1529 2516 1606 2539 netini
1626 2515 1714 2539 delevit

76 2567 98 2587 et
123 2564 169 2588 tibi
194 2564 242 2589 hoc
269 2565 457 2596 superscripsit,
485 2565 532 2589 hoc
558 2565 648 2588 iterum
673 2572 754 2596 supra
784 2564 853 2588 uella
875 2563 967 2595 scriplo
995 2567 1020 2586 (ιι
1046 2562 1125 2586 deleto
1149 2562 1194 2592 F²‚
1222 2564 1310 2593 potens
1337 2560 1381 2584 tibi
1410 2563 1465 2591 post
1492 2559 1538 2583 hoc
1570 2558 1636 2583 bellu.
1658 2558 1682 2581 l'

111 2606 159 2632 152
177 2607 240 2632 ciuis
260 2611 283 2632 et
302 2608 395 2632 onestis
409 2607 459 2636 F',
480 2607 543 2631 ciuis
557 2606 699 2639 (11)011estus
710 2606 778 2630 F²I¹
864 2605 912 2630 1553
933 2606 1059 2637 reparnuit
1079 2613 1158 2628 inm-es
1181 2604 1208 2627 M
1296 2602 1344 2627 154
1364 2606 1434 2634 pater
1453 2601 1517 2631 mm„
1538 2610 1599 2632 puer
1619 2600 1698 2623 MFP

1459 2823 1505 2848 lsi*
