2106 3061
688 183 838 211 EVGENII
874 185 1126 213 HEXAEMERON
1684 195 1723 225 57

429 277 466 296 580
496 270 607 302 usibus
631 270 779 301 humanis
803 270 876 302 data
902 274 976 302 sunt
999 272 1079 304 haec
1104 276 1220 305 cuncta
1244 276 1362 315 venire,

498 324 533 353 ut
557 322 670 353 similis
694 322 748 363 qui
771 322 876 353 factus
901 326 970 354 erat
994 323 1033 355 de
1058 325 1190 366 pulvere
1215 325 1344 358 Christo

498 373 546 404 his
570 373 789 404 dominaretur
813 374 948 414 cunctis,
974 374 1032 405 sub
1058 386 1153 407 carne
1179 378 1293 408 creatis

344 425 395 452 465
500 435 634 467 corpora
658 425 845 466 corporibus
870 427 1028 457 servirent
1053 430 1167 458 cuncta
1192 429 1334 461 subacta.

497 477 628 518 spiritus
652 477 776 508 interea
800 478 899 508 servit
922 478 990 509 sine
1014 489 1146 520 corpore
1169 484 1303 517 ventus;

428 535 465 555 585
496 531 612 560 ventus
637 528 704 570 agit
727 528 840 567 nubes,
864 529 896 560 in
920 529 1032 560 nubila
1056 531 1193 562 crassior
1217 542 1273 563 aer

496 580 634 621 cogitur:
659 580 719 611 hoc
743 580 863 611 imbres
887 581 1021 612 veniunt
1044 582 1270 624 placidumque
1295 595 1462 622 serenum;

497 635 613 663 ventus
637 632 693 663 alit
716 631 838 663 fructus
864 635 895 663 et
918 636 1034 664 ventus
1060 634 1163 675 spicat
1187 635 1314 675 aristas,

340 683 392 710 470
496 684 633 715 ventilat
656 684 778 715 aestivo
804 694 882 725 quas
907 685 984 715 flatu
1006 685 1133 716 mollior
1157 697 1251 723 aura3

496 736 629 767 deflorat
653 736 777 767 fructus
802 739 834 767 et
857 735 980 767 decutit
1004 737 1118 768 arbore
1142 738 1253 774 flores;

428 795 468 814 ⁵9⁰
497 787 624 819 flatibus
649 787 796 819 accendit
820 788 965 819 flammas
991 791 1023 819 et
1047 791 1209 830 temperat
1233 793 1351 821 aestus.

495 839 625 870 flatibus
650 839 782 871 alternis
806 839 944 871 redeunt
968 841 1154 871 comitantia
1178 841 1262 872 vitae

493 892 583 933 itque
607 891 754 933 reditque
779 902 853 922 suos
877 891 1053 933 repetendo
1080 893 1211 934 spiritus
1235 893 1369 924 haustus

340 943 391 970 475
497 946 529 975 et
552 943 661 974 reduci
685 946 781 974 vento
806 943 906 974 fibrae
931 944 1092 985 pulmonis
1116 945 1284 976 anhelant:

494 995 641 1026 faucibus
666 1005 840 1026 excurrens
865 995 896 1025 in
920 995 1050 1026 naribus
1075 1006 1153 1027 aura
1177 997 1319 1028 vicissim

426 1054 462 1073 59⁵
494 1047 611 1078 vitales
635 1046 756 1078 animat
779 1057 838 1088 per
861 1047 1005 1077 membra
1030 1048 1175 1089 tepentia
1199 1058 1314 1079 sensus

495 1101 591 1140 atque
616 1098 711 1129 modo
736 1097 862 1139 gelidis,
887 1098 999 1129 calidis
1024 1109 1107 1130 nunc
1131 1100 1259 1130 flatibus
1284 1111 1340 1131 ora

494 1150 664 1181 inlustrata
689 1150 799 1191 vigent
822 1153 854 1181 et
878 1152 1016 1191 tangunt
1039 1151 1140 1182 flabra
1163 1152 1317 1193 palatum.

340 1201 392 1228 480
497 1212 561 1233 non
585 1201 666 1233 haec
690 1201 838 1233 humanis
862 1204 986 1233 tantum
1011 1202 1184 1243 spiramina
1207 1204 1359 1234 membris

494 1256 569 1284 sunt
592 1253 677 1293 data,
703 1253 760 1285 sed
785 1254 907 1284 cunctis
933 1253 1150 1285 animantibus
1174 1265 1252 1285 aura
1275 1256 1420 1288 recurrit.

427 1312 464 1330 60⁰
495 1306 627 1347 spiritus
652 1305 705 1336 ille
730 1305 792 1343 dei,
817 1315 879 1346 quo
903 1315 1038 1347 corpora
1063 1309 1179 1337 cuncta
1202 1310 1381 1348 moventur,

494 1358 603 1388 omnia
627 1357 835 1398 conplectens
860 1357 962 1398 agitat
986 1357 1074 1388 fovet
1097 1358 1210 1389 inserit
1233 1362 1336 1400 urget,

494 1409 580 1440 unde
605 1419 708 1450 genus
733 1408 862 1439 diversa
886 1409 1018 1439 trahunt
1043 1412 1074 1440 et
1099 1410 1223 1441 semina
1247 1421 1364 1451 rerum,

338 1460 389 1487 485
494 1460 623 1492 mobilis
647 1461 803 1491 immenso
826 1460 960 1491 veniens
983 1464 1014 1491 et
1037 1461 1123 1492 fonte
1147 1462 1292 1502 perenni.

494 1513 624 1544 artificis
647 1513 786 1543 formata
810 1523 905 1543 manu
929 1512 1055 1554 digesta
1077 1516 1246 1544 moventur

426 1572 463 1590 605
494 1564 604 1595 ordine
629 1567 745 1595 cuncta
770 1574 840 1595 suo:
866 1567 976 1595 manet
1000 1564 1216 1595 inrevocabile
1240 1575 1365 1596 munus.

494 1626 555 1647 nec
578 1619 686 1647 tamen
710 1616 872 1647 intereunt
896 1616 1064 1658 pereuntia
1086 1616 1160 1657 lege
1184 1616 1308 1647 diurna.

494 1668 564 1709 quis
586 1670 685 1709 neget
708 1668 867 1699 undifluos
891 1667 1065 1709 procedere
1090 1668 1232 1699 fontibus
1257 1679 1378 1708 amnes,

338 1718 389 1745 490
494 1730 629 1762 quorum
652 1720 715 1751 iam
739 1719 860 1750 reditus
885 1730 1058 1760 numquam
1084 1719 1226 1761 sperabit
1251 1720 1363 1761 origo?

494 1772 697 1803 incessanter
720 1782 821 1813 aquas
844 1771 920 1802 licet
943 1773 1070 1802 evomat
1094 1771 1213 1813 impete
1237 1772 1343 1813 pleno,

425 1831 463 1851 61⁰
492 1825 650 1856 iacturam
673 1826 782 1855 tamen
805 1823 891 1854 unda
914 1826 1012 1864 negat
1035 1823 1155 1854 sentire
1180 1823 1302 1855 fluenti.

493 1876 640 1907 omnibus
665 1875 717 1907 hic
740 1886 810 1907 mos
835 1878 885 1906 est
909 1875 948 1906 de
973 1875 1109 1906 flammis
1133 1875 1249 1906 tollere
1274 1875 1418 1906 flammas

184 2014 235 2040 462
253 2019 314 2040 suut
332 2018 357 2039 et
375 2018 469 2039 cuncta
486 2015 517 2038 M
620 2013 670 2038 466
690 2023 737 2038 om.
757 2014 808 2038 FP
909 2012 958 2038 467
978 2014 1023 2038 aiit
1041 2013 1072 2045 F,
1092 2014 1138 2038 alit
1156 2014 1180 2037 P
1264 2012 1315 2038 468
1333 2015 1393 2038 111110
1412 2014 1436 2038 Ζ
1451 2014 1507 2038 eslsl.
1586 2016 1722 2048 placidosq.

84 2067 190 2084 serenus
208 2058 260 2082 FP
327 2066 415 2082 sereno
436 2058 467 2081 M
552 2056 601 2082 469
620 2058 713 2082 fluctus
731 2057 837 2087 MLQZ
919 2055 970 2081 470
988 2058 1069 2081 estiuo
1089 2065 1165 2088 quam
1186 2058 1265 2081 fluctu
1285 2057 1324 2087 M,
1348 2058 1429 2081 estium
1447 2066 1526 2089 aquas
1545 2059 1606 2082 flatu
1625 2058 1672 2089 LQ

83 2100 131 2126 471
151 2102 260 2126 descutit
279 2102 303 2131 (e
322 2110 388 2126 corr.
408 2101 433 2125 in
453 2102 470 2128 i)
490 2101 522 2131 F,
541 2101 644 2125 discutit
663 2100 693 2129 P,
715 2101 812 2125 excutit
832 2100 878 2130 LQ
947 2104 1022 2131 atque
1042 2101 1139 2125 excutit
1158 2100 1182 2124 Z
1197 2101 1253 2124 edd.
1350 2099 1398 2124 477
1418 2101 1478 2125 Uita
1501 2101 1550 2125 leta
1569 2102 1666 2125 animat
1685 2102 1721 2132 M,

83 2144 180 2168 Vitales
194 2144 290 2168 animat
303 2144 326 2168 L
345 2143 395 2175 (lzic
407 2144 521 2168 animant
539 2153 554 2168 n
575 2145 659 2168 altera
678 2144 764 2173 erasa)
781 2144 802 2173 Q
859 2144 957 2167 animat
975 2152 1022 2168 om.
1037 2143 1068 2171 F,
1091 2144 1117 2167 in
1135 2152 1183 2175 quo
1196 2143 1375 2175 superscripsit
1392 2152 1459 2168 νιιαη.
1473 2146 1488 2167 2
1506 2152 1630 2172 recreans,
1649 2144 1723 2176 idque

81 2196 129 2218 pro
148 2187 244 2211 animat
262 2187 336 2211 hahet
354 2186 378 2210 P
462 2185 514 2212 478
533 2187 598 2219 Adq.
618 2187 691 2211 modo
709 2187 772 2218 gelis
792 2187 822 2210 M
907 2185 959 2211 430
977 2188 1033 2211 Non
1052 2195 1081 2211 ae
1101 2186 1136 2210 F¹
1224 2186 1275 2211 482
1293 2187 1333 2211 (101
1352 2187 1395 2219 qui
1414 2187 1447 2210 M
1514 2195 1618 2218 corpore
1637 2187 1671 2210 L¹

83 2233 199 2254 mouetur
218 2230 254 2260 M,
274 2233 409 2254 monentur
428 2229 464 2253 F¹
568 2229 620 2254 483
639 2233 732 2261 urguet
750 2229 823 2259 FLQ
909 2229 959 2254 485
978 2230 1077 2254 Nobilis
1095 2230 1168 2259 LQZ
1252 2230 1365 2254 inmense
1386 2230 1407 2260 Q
1493 2238 1523 2253 ex
1544 2230 1612 2254 sonte
1631 2229 1658 2252 F

84 2271 133 2298 486
152 2274 271 2298 fon-mame
295 2272 372 2304 (corr.
390 2273 418 2297 in
428 2276 466 2297 -ta
484 2272 536 2303 ma)
556 2272 584 2297 F
667 2271 718 2296 488
737 2280 781 2304 per
803 2280 851 2297 euo
875 2272 948 2296 utilia
965 2272 1014 2302 LQ
1099 2271 1149 2296 489
1169 2273 1284 2296 sontibus
1304 2272 1336 2296 M
1419 2270 1471 2296 490
1489 2273 1601 2304 sperauit
1623 2271 1650 2296 F
1665 2271 1721 2296 edd.

116 2314 165 2340 491
184 2317 343 2341 Incessanter
362 2324 426 2347 quas
445 2316 500 2347 LQ,
520 2316 590 2347 Quas
608 2316 763 2340 incessanter
781 2314 805 2338 Z
821 2315 878 2340 edd.
965 2314 1015 2339 493
1034 2315 1188 2339 Hominibus
1209 2315 1242 2338 ill

185 2850 344 2874 semri-cuns
362 2850 550 2879 AnnomssIm
569 2851 628 2874 XIV
644 2850 665 2875 1.
1500 2844 1516 2869 8
