2106 3061
345 201 402 231 146
1062 189 1260 217 DRACON'I’II

386 282 618 320 Qx'AEs'rlo
819 292 856 313 AT
880 290 1008 316 imvm:
1029 289 1083 310 sm»
1107 288 1171 310 ιεηι
1194 286 1354 309 ammovit
1377 286 1438 312 εετ,
1461 285 1542 312 ovar:
1562 285 1669 308 sAxxir

820 343 858 364 vi·
881 343 929 364 vn:
955 342 1060 363 Fon'rls
1082 340 1180 362 οντετ
1204 338 1357 361 rnaemvm
1381 338 1463 364 Qvon
1488 337 1594 359 νοιετ.

733 385 760 415 si
785 385 876 425 leges
901 388 1041 415 tractare
1066 383 1185 424 placet,
1209 381 1359 412 veniatur
1382 379 1423 411 ad
1445 379 1528 411 illas.

648 446 692 467 -¹·›5
734 437 881 478 ‘accipiat
905 435 1121 477 quodcunque
1145 433 1222 464 velit
1247 432 1295 463 vir
1318 432 1408 463 fortis
1432 434 1465 463 et
1487 431 1600 474 optet.’

735 489 792 519 lioc
819 488 906 529 eupit
931 491 962 518 et
987 496 1121 528 pauper,
1145 494 1202 526 pro
1226 488 1300 515 voto
1324 483 1431 515 divitis
1456 483 1563 523 instat,

738 543 771 570 ut
796 543 924 570 mancat
949 538 1002 569 lex
1028 538 1093 568 lata
1117 539 1217 578 rogat.
1263 535 1400 567 venialis
1423 535 1531 577 imago

737 594 791 622 aut
816 591 902 622 valet
925 593 980 621 aut
1005 592 1091 621 certe
1117 588 1323 619 simulacrum
1348 587 1421 628 lege
1445 590 1624 629 perempta.

741 643 863 674 interea
888 652 950 673 non
975 652 1050 672 aera
1076 640 1206 679 micent,
1230 649 1294 671 non
1318 649 1477 670 marmora
1502 642 1638 680 surgant

649 704 700 730 ¹2:³0
738 705 796 725 nec
822 694 880 724 sub
906 695 979 734 lege
1003 693 1057 735 pia
1081 692 1172 724 fortis
1196 701 1279 723 nova
1303 691 1446 734 praemia
1471 694 1616 732 quaerat,

737 756 819 787 quae
838 745 968 776 damnat
984 755 1059 776 mox
1078 747 1192 786 sponte
1210 754 1279 775 sua.
1319 754 1382 775 non
1400 743 1571 775 submovet
1587 753 1728 785 unquam

737 798 819 839 legis
844 800 938 828 cauta
964 798 1059 837 furor,
1083 806 1178 838 quam
1203 795 1282 827 dant
1305 805 1363 838 pro
1387 794 1483 827 laude
1508 795 1670 837 triumphi.

738 850 839 880 instar
864 849 987 880 habent
1010 848 1112 880 hostis
1137 858 1216 890 quos
1240 847 1363 879 sanctio
1387 847 1477 878 nulla
1500 850 1644 883 coercet;

740 901 935 932 condemnat
960 900 1048 932 solus
1074 900 1181 931 civilia
1207 900 1278 931 iura
1301 902 1465 941 tyrannus.

650 962 700 988 ¹2:35,
740 963 845 984 nonne
870 952 1098 995 triumphantis
1122 951 1229 993 legem
1253 951 1280 982 si
1304 950 1386 982 forte
1410 950 1569 993 superbus

739 1008 900 1036 temneret
924 1008 979 1035 aut
1003 1004 1094 1046 parvi
1117 1003 1264 1046 pendens
1289 1002 1472 1045 quicunque
1496 1005 1644 1044 negaret,

739 1057 917 1098 sacrilegus
942 1059 1118 1088 temerator
1141 1056 1228 1087 iners
1252 1055 1403 1086 inimicus
1427 1057 1460 1086 et
1482 1054 1584 1086 hostis

738 1108 886 1150 publicus
910 1108 964 1140 ille
989 1108 1093 1139 foret?
1128 1107 1237 1149 legum
1261 1109 1387 1139 secreta
1410 1106 1551 1138 tribunal

738 1160 801 1191 iam
826 1162 974 1202 quateret
999 1159 1135 1201 strepitu
1159 1159 1296 1196 iuvenis,
1320 1158 1391 1190 fora
1413 1161 1525 1190 nostra
1549 1159 1731 1200 creparent,

652 1221 705 1247 240
742 1213 811 1254 ipse
836 1212 999 1243 cicatrices
1023 1210 1184 1243 subducta
1207 1210 1313 1242 fronte
1337 1213 1484 1242 recentes

738 1264 879 1305 pectoris
904 1264 1015 1295 effossi
1039 1263 1159 1305 populo
1183 1265 1380 1294 monstraret
1403 1266 1436 1294 et
1458 1261 1542 1301 urbi,

738 1315 877 1347 ‘virtutis
902 1316 1011 1347 laesae
1036 1315 1144 1357 gravis
1169 1318 1218 1346 est
1241 1314 1359 1346 iniuria
1382 1313 1489 1346 Marti’

739 1367 894 1399 clamaret
917 1377 976 1409 per
999 1367 1121 1409 templa
1144 1367 1242 1406 Iovis,
1265 1376 1324 1409 per
1347 1367 1468 1408 templa
1490 1365 1669 1403 Minervae,

738 1418 846 1450 ‘nemo
870 1419 972 1450 aciem
998 1418 1124 1458 subeat,
1149 1418 1257 1449 nullus
1281 1420 1470 1461 prorumpat
1493 1417 1525 1449 in
1549 1416 1687 1449 hostem’

653 1479 703 1505 ‘245
743 1470 877 1509 diceret,
902 1471 1113 1502 infremerent
1137 1481 1250 1502 omnes
1273 1480 1337 1501 uno
1362 1471 1488 1512 agmine
1513 1470 1609 1502 cives.

740 1523 902 1565 pauperis,
928 1533 945 1554 o
969 1532 1130 1564 proceres,
1154 1523 1344 1564 languentia
1367 1522 1450 1554 colla
1474 1522 1586 1554 sinetis

741 1575 898 1606 carnificis
923 1577 1073 1606 truncare
1098 1577 1215 1606 manu?
1239 1584 1303 1606 non
1327 1584 1417 1606 arma
1439 1573 1600 1616 tubasque

742 1627 853 1658 tollitis
879 1630 912 1658 et
936 1627 1049 1658 saltem
1074 1627 1181 1658 civilia
1204 1626 1289 1658 bella
1312 1626 1468 1658 movetis?

741 1678 828 1720 quid,
853 1678 946 1720 plebs
970 1681 1090 1716 nostra,
1115 1680 1222 1710 taces?
1248 1678 1338 1709 dives
1361 1677 1564 1720 praeiudicat
1586 1677 1658 1708 urbi

653 1738 703 1765 ¹250
741 1733 773 1761 et
796 1731 917 1772 pariter
942 1734 996 1761 tua
1020 1731 1089 1762 iura
1117 1733 1230 1772 negat3
1254 1730 1467 1772 praescriptio
1490 1729 1601 1771 surgit,

743 1792 824 1823 quae
850 1782 967 1824 populo
992 1782 1090 1813 vitam
1114 1783 1363 1824 libertatemque
1387 1781 1531 1824 negabit.

743 1844 807 1864 non
832 1834 972 1875 gemitis,
996 1844 1059 1865 non
1084 1834 1168 1866 fletis
1193 1834 1310 1874 adhuc,
1334 1844 1399 1865 non
1422 1844 1512 1865 arma
1535 1833 1681 1875 paratis?

741 1885 844 1916 laudis
869 1886 939 1925 erit,
963 1885 1078 1926 fateor,
1103 1897 1160 1928 pro
1183 1886 1335 1918 libertate
1359 1886 1480 1928 perire:

742 1947 815 1967 nam
838 1947 895 1978 pro
920 1937 1076 1979 Verginia
1101 1948 1172 1969 eum
1196 1938 1289 1980 plebs
1313 1937 1442 1969 arderet
1465 1937 1498 1968 in
1522 1937 1569 1968 ira

655 1997 704 2022 2:35
742 1989 860 2019 montis
885 1989 1040 2021 Aventini
1063 1990 1168 2021 tenuit
1192 1989 1339 2021 Romana
1363 1999 1528 2027 cacumen,

741 2050 813 2071 cum
838 2044 932 2083 pater
959 2041 1125 2082 egregiam
1150 2042 1325 2083 prostravit
1348 2044 1450 2073 morte
1474 2042 1616 2084 puellam

742 2092 909 2133 impletate
934 2093 1017 2134 pius,
1041 2103 1081 2124 ne
1106 2092 1260 2125 Claudius
1285 2096 1372 2125 esset
1396 2093 1531 2127 adulter.

746 2154 803 2174 nec
827 2146 964 2186 populus
988 2145 1071 2176 liber
1094 2148 1187 2187 capto
1211 2145 1251 2177 de
1275 2148 1385 2177 monte
1409 2146 1538 2185 rediret,

747 2195 840 2236 plebs
864 2196 923 2227 nisi
948 2197 1137 2239 sumpsisset
1161 2207 1232 2228 cum
1256 2197 1406 2229 libertate
1430 2197 1637 2240 triumphum.

397 2299 578 2330 El'lLOGI
660 2308 710 2335 ‘2050
748 2298 894 2339 vidimus,
918 2311 935 2331 0
960 2300 1057 2338 cives,
1082 2300 1234 2342 fugientis
1257 2301 1407 2344 pauperis
1432 2312 1488 2333 ora

746 2361 817 2382 cum
842 2351 988 2382 manibus
1012 2353 1194 2393 quaesisset
1217 2363 1312 2395 opem
1336 2354 1404 2384 sine
1429 2364 1508 2385 voce
1532 2353 1688 2396 rogantis.

744 2402 882 2433 diximus
906 2402 1020 2434 ‘hostis
1045 2404 1148 2436 adest.
1194 2405 1304 2436 veniat
1327 2405 1376 2436 vir
1399 2405 1489 2437 fortis
1514 2408 1547 2437 et
1570 2405 1665 2444 adsit,

747 2454 836 2484 cuius
862 2455 953 2496 inops
977 2455 1149 2487 simulacra
1172 2459 1270 2494 tenet,
1297 2457 1346 2487 eui
1371 2467 1465 2488 crura
1488 2457 1618 2488 lacertis

458 2539 508 2563 2¹25»
527 2540 592 2563 nolet
613 2549 678 2563 corr.
694 2540 717 2563 ιἰι
739 2540 797 2564 uelit
817 2538 876 2566 sofr)
896 2540 922 2563 X
1006 2541 1057 2565 225
1076 2542 1135 2565 olim
1154 2543 1309 2567 conice-cram
1332 2546 1400 2567 certe
1423 2543 1498 2568 simul
1522 2547 1561 2568 est
1583 2551 1641 2567 cum
1664 2543 1721 2574 lege
1741 2546 1868 2575 perempta
1937 2541 1994 2574 lege

357 2588 382 2611 (μ
397 2587 507 2606 correcta
522 2591 551 2606 cs
564 2588 587 2607 ct
601 2584 619 2613 f)
634 2583 659 2605 A*
727 2582 777 2606 :¹22³
791 2587 898 2614 snrgunt
914 2583 944 2608 A:
965 2593 1030 2608 corr.
1046 2584 1123 2608 ΙΙιιΙιιι
1194 2585 1244 2610 232
1288 2576 1364 2618 L'c'gis
1375 2586 1410 2611 sic
1424 2586 1453 2610 N
1517 2584 1568 2611 ‘234
1582 2589 1716 2618 tyramnus
1728 2585 1755 2609 N
1822 2583 1874 2609 240
1886 2585 1996 2610 obducta

359 2625 502 2656 I'clsrlecnigy
579 2626 628 2649 212
648 2626 734 2649 martis
756 2625 780 2648 λ’
796 2626 861 2654 (sir),
881 2634 947 2650 carr.
962 2626 1040 2650 Dalm
1118 2627 1168 2653 243
1186 2629 1302 2653 Clamare
1322 2629 1350 2652 X
1423 2627 1474 2653 245
1493 2629 1613 2653 Dicerem
1626 2628 1653 2652 Ν
1724 2626 1774 2653 247
1793 2636 1896 2653 manum
1915 2627 1995 2652 Dulm

390 2668 441 2692 251⁴)
460 2674 531 2692 nei-m
554 2668 583 2695 X,
602 2678 667 2692 corr.
683 2668 759 2691 Dalm
831 2669 977 2701 proscriptio
997 2670 1113 2694 Iliun-cns
1200 2670 1249 2696 ‘254
1269 2673 1290 2697 Β
1326 2672 1389 2696 Nam
1409 2680 1453 2704 pro
1471 2671 1592 2703 vergenla
1610 2671 1645 2696 εἰς
1663 2672 1693 2696 N

458 2751 507 2777 228
526 2751 700 2778 simulacrum
720 2760 819 2786 anceps
838 2753 952 2779 dictura:
973 2762 1024 2780 non
1046 2755 1153 2790 reniale,
1173 2755 1217 2781 scd
1234 2756 1322 2789 fallax
1408 2756 1458 2783 257
1481 2755 1525 2782 Or.
1538 2757 1593 2782 met.
1609 2758 1633 2789 8,
1647 2759 1696 2782 477
1712 2755 1859 2792 impietate
1878 2754 1926 2791 pia
1943 2755 1994 2783 est.

354 2809 387 2834 cl.
404 2805 485 2830 wrrsc.
502 2810 516 2827 ,κ-
