<?xml version="1.0" encoding="UTF-8"?>
<!DOCTYPE html PUBLIC "-//W3C//DTD XHTML 1.0 Transitional//EN"
    "http://www.w3.org/TR/xhtml1/DTD/xhtml1-transitional.dtd">
<html xmlns="http://www.w3.org/1999/xhtml" xml:lang="en" lang="en">
 <head>
  <title>
</title>
<meta http-equiv="Content-Type" content="text/html;charset=utf-8" />
  <meta name='ocr-system' content='tesseract 3.04.00' />
  <meta name='ocr-capabilities' content='ocr_page ocr_carea ocr_par ocr_line ocrx_word'/>
</head>
<body>
  <div class='ocr_page' id='page_1' title='image "./monumentagermani14geseuoft/monumentagermani14geseuoft_0106.png"; bbox 0 0 2106 3061; ppageno 0'>
   <div class='ocr_carea' id='block_1_1' title="bbox 388 181 1508 220">
    <p class='ocr_par' dir='ltr' id='par_1_1' title="bbox 388 181 1508 220">
     <span class='ocr_line' id='line_1_1' title="bbox 388 181 1508 220; baseline -0.012 0"><span class='ocrx_word' id='word_1_1' title='bbox 388 191 428 220; x_wconf 69' lang='lat'><strong>46</strong></span> <span class='ocrx_word' id='word_1_2' title='bbox 904 183 1102 211; x_wconf 70' lang='lat' dir='ltr'>DRACONTH</span> <span class='ocrx_word' id='word_1_3' title='bbox 1140 182 1186 210; x_wconf 79' lang='lat' dir='ltr'><strong>m:</strong></span> <span class='ocrx_word' id='word_1_4' title='bbox 1206 181 1384 209; x_wconf 77' lang='lat' dir='ltr'>LAVDIBVS</span> <span class='ocrx_word' id='word_1_5' title='bbox 1403 181 1460 208; x_wconf 83' lang='lat' dir='ltr'><strong>DEI</strong></span> <span class='ocrx_word' id='word_1_6' title='bbox 1499 181 1508 207; x_wconf 96' lang='lat'>1</span> 
     </span>
    </p>
   </div>
   <div class='ocr_carea' id='block_1_2' title="bbox 635 267 1785 1967">
    <p class='ocr_par' dir='ltr' id='par_1_2' title="bbox 635 267 1785 1967">
     <span class='ocr_line' id='line_1_2' title="bbox 796 267 1608 314; baseline -0.005 -11"><span class='ocrx_word' id='word_1_7' title='bbox 796 271 1010 314; x_wconf 84' lang='lat' dir='ltr'><strong>omnipotens.</strong></span> <span class='ocrx_word' id='word_1_8' title='bbox 1056 271 1171 302; x_wconf 72' lang='lat' dir='ltr'><strong>mirata</strong></span> <span class='ocrx_word' id='word_1_9' title='bbox 1193 270 1291 309; x_wconf 82' lang='lat' dir='ltr'><strong>diem,</strong></span> <span class='ocrx_word' id='word_1_10' title='bbox 1315 268 1483 301; x_wconf 77' lang='lat' dir='ltr'>discedere</span> <span class='ocrx_word' id='word_1_11' title='bbox 1508 267 1608 300; x_wconf 88' lang='lat' dir='ltr'><strong>solem</strong></span> 
     </span>
     <span class='ocr_line' id='line_1_3' title="bbox 796 323 1590 364; baseline -0.005 -9"><span class='ocrx_word' id='word_1_12' title='bbox 796 334 855 355; x_wconf 87' lang='lat' dir='ltr'><strong>nec</strong></span> <span class='ocrx_word' id='word_1_13' title='bbox 880 323 985 354; x_wconf 88' lang='lat' dir='ltr'><strong>lucem</strong></span> <span class='ocrx_word' id='word_1_14' title='bbox 1009 333 1155 355; x_wconf 77' lang='lat' dir='ltr'><strong>remeare</strong></span> <span class='ocrx_word' id='word_1_15' title='bbox 1178 325 1271 364; x_wconf 79' lang='lat' dir='ltr'><strong>putat</strong></span> <span class='ocrx_word' id='word_1_16' title='bbox 1293 325 1423 353; x_wconf 77' lang='lat' dir='ltr'><strong>terrena</strong></span> <span class='ocrx_word' id='word_1_17' title='bbox 1446 330 1590 363; x_wconf 77' lang='lat' dir='ltr'><strong>propago</strong></span> 
     </span>
     <span class='ocr_line' id='line_1_4' title="bbox 795 372 1553 416; baseline -0.007 -9"><span class='ocrx_word' id='word_1_18' title='bbox 795 375 1002 416; x_wconf 78' lang='lat' dir='ltr'><strong>solanturque</strong></span> <span class='ocrx_word' id='word_1_19' title='bbox 1026 384 1143 416; x_wconf 80' lang='lat' dir='ltr'><strong>graves</strong></span> <span class='ocrx_word' id='word_1_20' title='bbox 1167 373 1269 406; x_wconf 79' lang='lat' dir='ltr'><strong>lunari</strong></span> <span class='ocrx_word' id='word_1_21' title='bbox 1294 373 1366 405; x_wconf 85' lang='lat' dir='ltr'><strong>luce</strong></span> <span class='ocrx_word' id='word_1_22' title='bbox 1391 372 1553 411; x_wconf 72' lang='lat' dir='ltr'>tenebrae,</span> 
     </span>
     <span class='ocr_line' id='line_1_5' title="bbox 638 424 1584 459; baseline -0.005 0"><span class='ocrx_word' id='word_1_23' title='bbox 638 427 690 455; x_wconf 79' lang='lat'><strong>⁴20</strong></span> <span class='ocrx_word' id='word_1_24' title='bbox 795 426 901 459; x_wconf 76' lang='lat' dir='ltr'><strong>sideru</strong></span> <span class='ocrx_word' id='word_1_25' title='bbox 924 431 1039 458; x_wconf 79' lang='lat' dir='ltr'><strong>cuncta</strong></span> <span class='ocrx_word' id='word_1_26' title='bbox 1062 428 1174 457; x_wconf 75' lang='lat' dir='ltr'><strong>notant</strong></span> <span class='ocrx_word' id='word_1_27' title='bbox 1197 425 1287 457; x_wconf 79' lang='lat' dir='ltr'><strong>caelo</strong></span> <span class='ocrx_word' id='word_1_28' title='bbox 1311 424 1436 456; x_wconf 77' lang='lat' dir='ltr'><strong>radiare</strong></span> <span class='ocrx_word' id='word_1_29' title='bbox 1460 433 1584 456; x_wconf 88' lang='lat' dir='ltr'><strong>sereno.</strong></span> 
     </span>
     <span class='ocr_line' id='line_1_6' title="bbox 794 476 1708 520; baseline -0.005 -11"><span class='ocrx_word' id='word_1_30' title='bbox 794 483 843 510; x_wconf 79' lang='lat' dir='ltr'><strong>nst</strong></span> <span class='ocrx_word' id='word_1_31' title='bbox 867 477 921 509; x_wconf 87' lang='lat' dir='ltr'><strong>ubi</strong></span> <span class='ocrx_word' id='word_1_32' title='bbox 945 488 1105 520; x_wconf 87' lang='lat' dir='ltr'><strong>purpureo</strong></span> <span class='ocrx_word' id='word_1_33' title='bbox 1128 480 1317 519; x_wconf 79' lang='lat' dir='ltr'>surgentem</span> <span class='ocrx_word' id='word_1_34' title='bbox 1341 486 1382 508; x_wconf 85' lang='lat' dir='ltr'><strong>ex</strong></span> <span class='ocrx_word' id='word_1_35' title='bbox 1406 484 1547 517; x_wconf 79' lang='lat' dir='ltr'><strong>aequore</strong></span> <span class='ocrx_word' id='word_1_36' title='bbox 1571 476 1708 506; x_wconf 86' lang='lat' dir='ltr'><strong>cernunt</strong></span> 
     </span>
     <span class='ocr_line' id='line_1_7' title="bbox 795 527 1592 569; baseline -0.004 -8"><span class='ocrx_word' id='word_1_37' title='bbox 795 529 981 561; x_wconf 82' lang='lat' dir='ltr'><strong>Luciferum</strong></span> <span class='ocrx_word' id='word_1_38' title='bbox 1006 528 1130 560; x_wconf 73' lang='lat' dir='ltr'><strong>vibrare</strong></span> <span class='ocrx_word' id='word_1_39' title='bbox 1155 528 1247 559; x_wconf 78' lang='lat' dir='ltr'><strong>iubar</strong></span> <span class='ocrx_word' id='word_1_40' title='bbox 1271 528 1482 569; x_wconf 77' lang='lat' dir='ltr'><strong>flammasque</strong></span> <span class='ocrx_word' id='word_1_41' title='bbox 1506 527 1592 558; x_wconf 86' lang='lat' dir='ltr'><strong>ciere</strong></span> 
     </span>
     <span class='ocr_line' id='line_1_8' title="bbox 795 578 1679 622; baseline -0.005 -9"><span class='ocrx_word' id='word_1_42' title='bbox 795 586 827 613; x_wconf 89' lang='lat' dir='ltr'><strong>et</strong></span> <span class='ocrx_word' id='word_1_43' title='bbox 852 581 1004 613; x_wconf 80' lang='lat' dir='ltr'><strong>reducem</strong></span> <span class='ocrx_word' id='word_1_44' title='bbox 1029 591 1127 622; x_wconf 86' lang='lat' dir='ltr'><strong>super</strong></span> <span class='ocrx_word' id='word_1_45' title='bbox 1150 583 1238 611; x_wconf 80' lang='lat' dir='ltr'><strong>astra</strong></span> <span class='ocrx_word' id='word_1_46' title='bbox 1260 579 1346 611; x_wconf 86' lang='lat' dir='ltr'><strong>diem</strong></span> <span class='ocrx_word' id='word_1_47' title='bbox 1371 579 1410 610; x_wconf 92' lang='lat' dir='ltr'><strong>de</strong></span> <span class='ocrx_word' id='word_1_48' title='bbox 1434 578 1503 610; x_wconf 84' lang='lat' dir='ltr'><strong>sole</strong></span> <span class='ocrx_word' id='word_1_49' title='bbox 1527 578 1679 615; x_wconf 83' lang='lat' dir='ltr'><strong>rubente,</strong></span> 
     </span>
     <span class='ocr_line' id='line_1_9' title="bbox 794 629 1722 672; baseline -0.004 -8"><span class='ocrx_word' id='word_1_50' title='bbox 794 643 870 664; x_wconf 85' lang='lat' dir='ltr'><strong>mox</strong></span> <span class='ocrx_word' id='word_1_51' title='bbox 894 636 1045 664; x_wconf 70' lang='lat' dir='ltr'><strong>revocata</strong></span> <span class='ocrx_word' id='word_1_52' title='bbox 1068 633 1178 663; x_wconf 81' lang='lat' dir='ltr'><strong>fovent</strong></span> <span class='ocrx_word' id='word_1_53' title='bbox 1202 631 1356 662; x_wconf 79' lang='lat' dir='ltr'><strong>hesterna</strong></span> <span class='ocrx_word' id='word_1_54' title='bbox 1380 631 1411 662; x_wconf 91' lang='lat' dir='ltr'><strong>in</strong></span> <span class='ocrx_word' id='word_1_55' title='bbox 1435 629 1556 672; x_wconf 78' lang='lat' dir='ltr'><strong>gaudia</strong></span> <span class='ocrx_word' id='word_1_56' title='bbox 1580 632 1722 665; x_wconf 84' lang='lat' dir='ltr'><strong>mentcs;</strong></span> 
     </span>
     <span class='ocr_line' id='line_1_10' title="bbox 637 681 1591 727; baseline -0.005 -10"><span class='ocrx_word' id='word_1_57' title='bbox 637 686 689 711; x_wconf 74' lang='lat'><strong>⁴⁴25</strong></span> <span class='ocrx_word' id='word_1_58' title='bbox 795 685 948 727; x_wconf 85' lang='lat' dir='ltr'><strong>temporis</strong></span> <span class='ocrx_word' id='word_1_59' title='bbox 972 694 1046 716; x_wconf 86' lang='lat' dir='ltr'><strong>esse</strong></span> <span class='ocrx_word' id='word_1_60' title='bbox 1070 684 1156 715; x_wconf 85' lang='lat' dir='ltr'><strong>vices</strong></span> <span class='ocrx_word' id='word_1_61' title='bbox 1179 686 1354 714; x_wconf 84' lang='lat' dir='ltr'><strong>noscentes</strong></span> <span class='ocrx_word' id='word_1_62' title='bbox 1378 683 1451 714; x_wconf 88' lang='lat' dir='ltr'><strong>luce</strong></span> <span class='ocrx_word' id='word_1_63' title='bbox 1475 681 1591 713; x_wconf 80' lang='lat' dir='ltr'><strong>diurna</strong></span> 
     </span>
     <span class='ocr_line' id='line_1_11' title="bbox 793 733 1547 778; baseline -0.005 -10"><span class='ocrx_word' id='word_1_64' title='bbox 793 739 969 778; x_wconf 83' lang='lat' dir='ltr'><strong>coeperunt</strong></span> <span class='ocrx_word' id='word_1_65' title='bbox 991 746 1122 778; x_wconf 81' lang='lat' dir='ltr'><strong>sperare</strong></span> <span class='ocrx_word' id='word_1_66' title='bbox 1147 735 1228 774; x_wconf 85' lang='lat' dir='ltr'><strong>dies,</strong></span> <span class='ocrx_word' id='word_1_67' title='bbox 1252 734 1358 766; x_wconf 88' lang='lat' dir='ltr'><strong>ridere</strong></span> <span class='ocrx_word' id='word_1_68' title='bbox 1383 733 1547 766; x_wconf 73' lang='lat' dir='ltr'><strong>tenebras.</strong></span> 
     </span>
     <span class='ocr_line' id='line_1_12' title="bbox 879 785 1747 827; baseline -0.005 -8"><span class='ocrx_word' id='word_1_69' title='bbox 879 791 927 819; x_wconf 89' lang='lat' dir='ltr'><strong>tot</strong></span> <span class='ocrx_word' id='word_1_70' title='bbox 950 788 1035 819; x_wconf 80' lang='lat' dir='ltr'><strong>bona</strong></span> <span class='ocrx_word' id='word_1_71' title='bbox 1059 788 1143 819; x_wconf 81' lang='lat' dir='ltr'><strong>facta</strong></span> <span class='ocrx_word' id='word_1_72' title='bbox 1166 787 1246 818; x_wconf 88' lang='lat' dir='ltr'><strong>deus</strong></span> <span class='ocrx_word' id='word_1_73' title='bbox 1270 796 1334 818; x_wconf 87' lang='lat' dir='ltr'><strong>non</strong></span> <span class='ocrx_word' id='word_1_74' title='bbox 1358 785 1560 817; x_wconf 83' lang='lat' dir='ltr'><strong>obliviscitur</strong></span> <span class='ocrx_word' id='word_1_75' title='bbox 1582 794 1747 827; x_wconf 77' lang='lat' dir='ltr'><strong>umquam,</strong></span> 
     </span>
     <span class='ocr_line' id='line_1_13' title="bbox 793 838 1685 883; baseline -0.004 -11"><span class='ocrx_word' id='word_1_76' title='bbox 793 850 877 883; x_wconf 78' lang='lat' dir='ltr'><strong>quae</strong></span> <span class='ocrx_word' id='word_1_77' title='bbox 901 842 1033 882; x_wconf 87' lang='lat' dir='ltr'><strong>propter</strong></span> <span class='ocrx_word' id='word_1_78' title='bbox 1056 839 1219 871; x_wconf 87' lang='lat' dir='ltr'><strong>hominem</strong></span> <span class='ocrx_word' id='word_1_79' title='bbox 1244 838 1320 870; x_wconf 80' lang='lat' dir='ltr'><strong>fecit</strong></span> <span class='ocrx_word' id='word_1_80' title='bbox 1344 838 1516 879; x_wconf 79' lang='lat' dir='ltr'>sanxitque</span> <span class='ocrx_word' id='word_1_81' title='bbox 1540 847 1685 869; x_wconf 83' lang='lat' dir='ltr'><strong>manere.</strong></span> 
     </span>
     <span class='ocr_line' id='line_1_14' title="bbox 792 889 1713 934; baseline -0.004 -10"><span class='ocrx_word' id='word_1_82' title='bbox 792 893 865 924; x_wconf 86' lang='lat' dir='ltr'><strong>huic</strong></span> <span class='ocrx_word' id='word_1_83' title='bbox 892 892 1040 924; x_wconf 85' lang='lat' dir='ltr'><strong>dominus</strong></span> <span class='ocrx_word' id='word_1_84' title='bbox 1064 891 1197 934; x_wconf 77' lang='lat' dir='ltr'><strong>pictatis</strong></span> <span class='ocrx_word' id='word_1_85' title='bbox 1221 900 1314 933; x_wconf 89' lang='lat' dir='ltr'><strong>opem</strong></span> <span class='ocrx_word' id='word_1_86' title='bbox 1338 889 1520 922; x_wconf 85' lang='lat' dir='ltr'><strong>subducere</strong></span> <span class='ocrx_word' id='word_1_87' title='bbox 1546 899 1610 920; x_wconf 91' lang='lat' dir='ltr'><strong>non</strong></span> <span class='ocrx_word' id='word_1_88' title='bbox 1634 889 1713 929; x_wconf 86' lang='lat' dir='ltr'><strong>vult,</strong></span> 
     </span>
     <span class='ocr_line' id='line_1_15' title="bbox 636 941 1656 986; baseline -0.005 -9"><span class='ocrx_word' id='word_1_89' title='bbox 636 945 688 971; x_wconf 60' lang='lat'><strong>4:30</strong></span> <span class='ocrx_word' id='word_1_90' title='bbox 792 944 921 976; x_wconf 82' lang='lat' dir='ltr'><strong>addicet</strong></span> <span class='ocrx_word' id='word_1_91' title='bbox 945 954 1004 976; x_wconf 90' lang='lat' dir='ltr'><strong>nee</strong></span> <span class='ocrx_word' id='word_1_92' title='bbox 1030 944 1155 986; x_wconf 78' lang='lat' dir='ltr'><strong>plasma</strong></span> <span class='ocrx_word' id='word_1_93' title='bbox 1179 953 1284 974; x_wconf 87' lang='lat' dir='ltr'><strong>suum.</strong></span> <span class='ocrx_word' id='word_1_94' title='bbox 1331 942 1391 974; x_wconf 85' lang='lat' dir='ltr'><strong>scit</strong></span> <span class='ocrx_word' id='word_1_95' title='bbox 1415 941 1561 973; x_wconf 86' lang='lat' dir='ltr'><strong>conditor</strong></span> <span class='ocrx_word' id='word_1_96' title='bbox 1584 941 1656 973; x_wconf 88' lang='lat' dir='ltr'><strong>aevi</strong></span> 
     </span>
     <span class='ocr_line' id='line_1_16' title="bbox 792 993 1696 1038; baseline -0.004 -10"><span class='ocrx_word' id='word_1_97' title='bbox 792 1007 866 1028; x_wconf 83' lang='lat' dir='ltr'><strong>esse</strong></span> <span class='ocrx_word' id='word_1_98' title='bbox 889 996 969 1027; x_wconf 89' lang='lat' dir='ltr'><strong>nihil</strong></span> <span class='ocrx_word' id='word_1_99' title='bbox 993 1005 1123 1038; x_wconf 82' lang='lat' dir='ltr'><strong>prorsus</strong></span> <span class='ocrx_word' id='word_1_100' title='bbox 1147 998 1277 1036; x_wconf 75' lang='lat' dir='ltr'><strong>praeter</strong></span> <span class='ocrx_word' id='word_1_101' title='bbox 1300 1005 1335 1026; x_wconf 87' lang='lat' dir='ltr'><strong>se</strong></span> <span class='ocrx_word' id='word_1_102' title='bbox 1359 994 1479 1036; x_wconf 81' lang='lat' dir='ltr'><strong>ubique</strong></span> <span class='ocrx_word' id='word_1_103' title='bbox 1505 993 1696 1035; x_wconf 80' lang='lat' dir='ltr'><strong>rogandum,</strong></span> 
     </span>
     <span class='ocr_line' id='line_1_17' title="bbox 793 1045 1626 1087; baseline -0.004 -8"><span class='ocrx_word' id='word_1_104' title='bbox 793 1052 825 1080; x_wconf 90' lang='lat' dir='ltr'><strong>ct</strong></span> <span class='ocrx_word' id='word_1_105' title='bbox 848 1048 911 1079; x_wconf 87' lang='lat' dir='ltr'><strong>nisi</strong></span> <span class='ocrx_word' id='word_1_106' title='bbox 935 1047 1117 1087; x_wconf 78' lang='lat' dir='ltr'><strong>subveniat,</strong></span> <span class='ocrx_word' id='word_1_107' title='bbox 1141 1057 1332 1079; x_wconf 83' lang='lat' dir='ltr'><strong>succurrens</strong></span> <span class='ocrx_word' id='word_1_108' title='bbox 1356 1057 1420 1078; x_wconf 90' lang='lat' dir='ltr'><strong>non</strong></span> <span class='ocrx_word' id='word_1_109' title='bbox 1445 1046 1506 1078; x_wconf 86' lang='lat' dir='ltr'><strong>erit</strong></span> <span class='ocrx_word' id='word_1_110' title='bbox 1529 1045 1626 1077; x_wconf 87' lang='lat' dir='ltr'><strong>ullus.</strong></span> 
     </span>
     <span class='ocr_line' id='line_1_18' title="bbox 792 1097 1744 1138; baseline -0.004 -6"><span class='ocrx_word' id='word_1_111' title='bbox 792 1100 866 1132; x_wconf 88' lang='lat' dir='ltr'><strong>inde</strong></span> <span class='ocrx_word' id='word_1_112' title='bbox 890 1101 974 1132; x_wconf 82' lang='lat' dir='ltr'><strong>malo</strong></span> <span class='ocrx_word' id='word_1_113' title='bbox 998 1099 1102 1132; x_wconf 87' lang='lat' dir='ltr'><strong>bonus</strong></span> <span class='ocrx_word' id='word_1_114' title='bbox 1126 1103 1176 1131; x_wconf 85' lang='lat' dir='ltr'><strong>est</strong></span> <span class='ocrx_word' id='word_1_115' title='bbox 1200 1099 1320 1130; x_wconf 86' lang='lat' dir='ltr'><strong>homini</strong></span> <span class='ocrx_word' id='word_1_116' title='bbox 1345 1098 1436 1138; x_wconf 86' lang='lat' dir='ltr'><strong>deus,</strong></span> <span class='ocrx_word' id='word_1_117' title='bbox 1461 1097 1609 1129; x_wconf 89' lang='lat' dir='ltr'><strong>omnibus</strong></span> <span class='ocrx_word' id='word_1_118' title='bbox 1633 1100 1744 1129; x_wconf 81' lang='lat' dir='ltr'><strong>auctor</strong></span> 
     </span>
     <span class='ocr_line' id='line_1_19' title="bbox 792 1149 1672 1195; baseline -0.003 -11"><span class='ocrx_word' id='word_1_119' title='bbox 792 1163 866 1195; x_wconf 88' lang='lat' dir='ltr'><strong>spes</strong></span> <span class='ocrx_word' id='word_1_120' title='bbox 891 1153 1001 1194; x_wconf 83' lang='lat' dir='ltr'><strong>opifex</strong></span> <span class='ocrx_word' id='word_1_121' title='bbox 1024 1152 1173 1183; x_wconf 87' lang='lat' dir='ltr'><strong>dominus</strong></span> <span class='ocrx_word' id='word_1_122' title='bbox 1198 1154 1304 1183; x_wconf 88' lang='lat' dir='ltr'><strong>rector</strong></span> <span class='ocrx_word' id='word_1_123' title='bbox 1327 1150 1394 1182; x_wconf 85' lang='lat' dir='ltr'><strong>dux</strong></span> <span class='ocrx_word' id='word_1_124' title='bbox 1418 1150 1539 1182; x_wconf 82' lang='lat' dir='ltr'><strong>arbiter</strong></span> <span class='ocrx_word' id='word_1_125' title='bbox 1562 1149 1672 1186; x_wconf 81' lang='lat' dir='ltr'><strong>index,</strong></span> 
     </span>
     <span class='ocr_line' id='line_1_20' title="bbox 635 1202 1570 1247; baseline -0.003 -10"><span class='ocrx_word' id='word_1_126' title='bbox 635 1205 686 1232; x_wconf 79' lang='lat'><strong>4:35</strong></span> <span class='ocrx_word' id='word_1_127' title='bbox 791 1205 944 1236; x_wconf 84' lang='lat' dir='ltr'><strong>continua</strong></span> <span class='ocrx_word' id='word_1_128' title='bbox 967 1205 1088 1247; x_wconf 82' lang='lat' dir='ltr'><strong>pictate</strong></span> <span class='ocrx_word' id='word_1_129' title='bbox 1112 1204 1226 1244; x_wconf 87' lang='lat' dir='ltr'><strong>bonus,</strong></span> <span class='ocrx_word' id='word_1_130' title='bbox 1251 1203 1369 1235; x_wconf 83' lang='lat' dir='ltr'><strong>virtute</strong></span> <span class='ocrx_word' id='word_1_131' title='bbox 1392 1202 1570 1243; x_wconf 80' lang='lat' dir='ltr'><strong>modestus,</strong></span> 
     </span>
     <span class='ocr_line' id='line_1_21' title="bbox 791 1255 1612 1299; baseline -0.002 -11"><span class='ocrx_word' id='word_1_132' title='bbox 791 1257 997 1299; x_wconf 84' lang='lat' dir='ltr'><strong>simplicitate</strong></span> <span class='ocrx_word' id='word_1_133' title='bbox 1021 1257 1104 1298; x_wconf 85' lang='lat' dir='ltr'><strong>pius,</strong></span> <span class='ocrx_word' id='word_1_134' title='bbox 1129 1255 1188 1288; x_wconf 86' lang='lat' dir='ltr'><strong>sed</strong></span> <span class='ocrx_word' id='word_1_135' title='bbox 1211 1255 1350 1287; x_wconf 87' lang='lat' dir='ltr'><strong>eulmine</strong></span> <span class='ocrx_word' id='word_1_136' title='bbox 1375 1255 1493 1286; x_wconf 83' lang='lat' dir='ltr'><strong>celsior</strong></span> <span class='ocrx_word' id='word_1_137' title='bbox 1516 1255 1612 1286; x_wconf 89' lang='lat' dir='ltr'><strong>omni.</strong></span> 
     </span>
     <span class='ocr_line' id='line_1_22' title="bbox 874 1306 1559 1350; baseline -0.004 -10"><span class='ocrx_word' id='word_1_138' title='bbox 874 1309 964 1340; x_wconf 84' lang='lat' dir='ltr'><strong>ibant</strong></span> <span class='ocrx_word' id='word_1_139' title='bbox 987 1319 1045 1350; x_wconf 86' lang='lat' dir='ltr'><strong>per</strong></span> <span class='ocrx_word' id='word_1_140' title='bbox 1068 1308 1162 1339; x_wconf 88' lang='lat' dir='ltr'><strong>flores</strong></span> <span class='ocrx_word' id='word_1_141' title='bbox 1186 1310 1218 1338; x_wconf 90' lang='lat' dir='ltr'><strong>ct</strong></span> <span class='ocrx_word' id='word_1_142' title='bbox 1242 1309 1311 1338; x_wconf 74' lang='lat' dir='ltr'><strong>tota¹</strong></span> <span class='ocrx_word' id='word_1_143' title='bbox 1334 1306 1460 1338; x_wconf 78' lang='lat' dir='ltr'><strong>rosaria</strong></span> <span class='ocrx_word' id='word_1_144' title='bbox 1482 1306 1559 1338; x_wconf 81' lang='lat' dir='ltr'><strong>laeti</strong></span> 
     </span>
     <span class='ocr_line' id='line_1_23' title="bbox 788 1358 1536 1400; baseline -0.004 -8"><span class='ocrx_word' id='word_1_145' title='bbox 788 1361 872 1392; x_wconf 86' lang='lat' dir='ltr'><strong>inter</strong></span> <span class='ocrx_word' id='word_1_146' title='bbox 895 1360 1047 1391; x_wconf 86' lang='lat' dir='ltr'><strong>odoratas</strong></span> <span class='ocrx_word' id='word_1_147' title='bbox 1070 1369 1193 1390; x_wconf 85' lang='lat' dir='ltr'><strong>messes</strong></span> <span class='ocrx_word' id='word_1_148' title='bbox 1217 1359 1369 1400; x_wconf 83' lang='lat' dir='ltr'><strong>lucosque</strong></span> <span class='ocrx_word' id='word_1_149' title='bbox 1394 1358 1536 1389; x_wconf 82' lang='lat' dir='ltr'><strong>virentes</strong></span> 
     </span>
     <span class='ocr_line' id='line_1_24' title="bbox 790 1409 1618 1454; baseline -0.002 -12"><span class='ocrx_word' id='word_1_150' title='bbox 790 1411 980 1454; x_wconf 84' lang='lat' dir='ltr'><strong>simpliciter</strong></span> <span class='ocrx_word' id='word_1_151' title='bbox 1002 1410 1164 1453; x_wconf 85' lang='lat' dir='ltr'><strong>pecudum</strong></span> <span class='ocrx_word' id='word_1_152' title='bbox 1188 1410 1251 1441; x_wconf 87' lang='lat' dir='ltr'><strong>ritu</strong></span> <span class='ocrx_word' id='word_1_153' title='bbox 1274 1410 1327 1441; x_wconf 82' lang='lat' dir='ltr'><strong>vel</strong></span> <span class='ocrx_word' id='word_1_154' title='bbox 1351 1419 1441 1441; x_wconf 87' lang='lat' dir='ltr'><strong>more</strong></span> <span class='ocrx_word' id='word_1_155' title='bbox 1466 1409 1618 1449; x_wconf 82' lang='lat' dir='ltr'><strong>ferarum,</strong></span> 
     </span>
     <span class='ocr_line' id='line_1_25' title="bbox 636 1460 1571 1505; baseline -0.003 -10"><span class='ocrx_word' id='word_1_156' title='bbox 636 1463 687 1490; x_wconf 77' lang='lat'><strong>440</strong></span> <span class='ocrx_word' id='word_1_157' title='bbox 792 1463 978 1505; x_wconf 85' lang='lat' dir='ltr'><strong>corporibus</strong></span> <span class='ocrx_word' id='word_1_158' title='bbox 1002 1462 1096 1494; x_wconf 86' lang='lat' dir='ltr'><strong>nudis</strong></span> <span class='ocrx_word' id='word_1_159' title='bbox 1120 1465 1153 1494; x_wconf 87' lang='lat' dir='ltr'><strong>et</strong></span> <span class='ocrx_word' id='word_1_160' title='bbox 1176 1462 1287 1493; x_wconf 83' lang='lat' dir='ltr'><strong>nescia</strong></span> <span class='ocrx_word' id='word_1_161' title='bbox 1310 1461 1408 1493; x_wconf 81' lang='lat' dir='ltr'><strong>eorda</strong></span> <span class='ocrx_word' id='word_1_162' title='bbox 1433 1460 1571 1493; x_wconf 84' lang='lat' dir='ltr'><strong>ruboris.</strong></span> 
     </span>
     <span class='ocr_line' id='line_1_26' title="bbox 790 1512 1698 1557; baseline -0.002 -11"><span class='ocrx_word' id='word_1_163' title='bbox 790 1515 866 1556; x_wconf 89' lang='lat' dir='ltr'><strong>quid</strong></span> <span class='ocrx_word' id='word_1_164' title='bbox 889 1526 964 1557; x_wconf 81' lang='lat' dir='ltr'><strong>pars</strong></span> <span class='ocrx_word' id='word_1_165' title='bbox 988 1514 1206 1546; x_wconf 89' lang='lat' dir='ltr'><strong>membrorum</strong></span> <span class='ocrx_word' id='word_1_166' title='bbox 1230 1514 1390 1546; x_wconf 85' lang='lat' dir='ltr'><strong>secretior</strong></span> <span class='ocrx_word' id='word_1_167' title='bbox 1413 1515 1502 1545; x_wconf 86' lang='lat' dir='ltr'><strong>esset</strong></span> <span class='ocrx_word' id='word_1_168' title='bbox 1525 1512 1698 1545; x_wconf 77' lang='lat' dir='ltr'><strong>habenda?</strong></span> 
     </span>
     <span class='ocr_line' id='line_1_27' title="bbox 788 1564 1747 1607; baseline -0.002 -10"><span class='ocrx_word' id='word_1_169' title='bbox 788 1566 874 1598; x_wconf 89' lang='lat' dir='ltr'><strong>unde</strong></span> <span class='ocrx_word' id='word_1_170' title='bbox 898 1565 995 1598; x_wconf 86' lang='lat' dir='ltr'><strong>rudes</strong></span> <span class='ocrx_word' id='word_1_171' title='bbox 1019 1567 1149 1605; x_wconf 82' lang='lat' dir='ltr'><strong>scirent,</strong></span> <span class='ocrx_word' id='word_1_172' title='bbox 1174 1565 1249 1607; x_wconf 87' lang='lat' dir='ltr'><strong>quid</strong></span> <span class='ocrx_word' id='word_1_173' title='bbox 1273 1565 1416 1596; x_wconf 84' lang='lat' dir='ltr'><strong>moribus</strong></span> <span class='ocrx_word' id='word_1_174' title='bbox 1441 1567 1528 1596; x_wconf 86' lang='lat' dir='ltr'><strong>essct</strong></span> <span class='ocrx_word' id='word_1_175' title='bbox 1551 1564 1747 1596; x_wconf 83' lang='lat' dir='ltr'><strong>honestum?</strong></span> 
     </span>
     <span class='ocr_line' id='line_1_28' title="bbox 790 1615 1785 1660; baseline -0.002 -11"><span class='ocrx_word' id='word_1_176' title='bbox 790 1617 875 1660; x_wconf 86' lang='lat' dir='ltr'><strong>quod</strong></span> <span class='ocrx_word' id='word_1_177' title='bbox 899 1617 1016 1659; x_wconf 81' lang='lat' dir='ltr'><strong>digitos</strong></span> <span class='ocrx_word' id='word_1_178' title='bbox 1039 1617 1224 1659; x_wconf 69' lang='lat' dir='ltr'><strong>oculosque,</strong></span> <span class='ocrx_word' id='word_1_179' title='bbox 1248 1619 1362 1659; x_wconf 85' lang='lat' dir='ltr'><strong>putant</strong></span> <span class='ocrx_word' id='word_1_180' title='bbox 1386 1616 1445 1648; x_wconf 86' lang='lat' dir='ltr'><strong>hoe</strong></span> <span class='ocrx_word' id='word_1_181' title='bbox 1469 1626 1598 1658; x_wconf 90' lang='lat' dir='ltr'><strong>quoque</strong></span> <span class='ocrx_word' id='word_1_182' title='bbox 1622 1615 1785 1658; x_wconf 82' lang='lat' dir='ltr'><strong>pudenda.</strong></span> 
     </span>
     <span class='ocr_line' id='line_1_29' title="bbox 790 1667 1615 1711; baseline -0.002 -11"><span class='ocrx_word' id='word_1_183' title='bbox 790 1669 920 1711; x_wconf 82' lang='lat' dir='ltr'><strong>publica</strong></span> <span class='ocrx_word' id='word_1_184' title='bbox 944 1668 1123 1708; x_wconf 82' lang='lat' dir='ltr'><strong>iungebant</strong></span> <span class='ocrx_word' id='word_1_185' title='bbox 1147 1668 1329 1700; x_wconf 86' lang='lat' dir='ltr'><strong>adfectibus</strong></span> <span class='ocrx_word' id='word_1_186' title='bbox 1353 1667 1466 1699; x_wconf 83' lang='lat' dir='ltr'><strong>oscula</strong></span> <span class='ocrx_word' id='word_1_187' title='bbox 1490 1668 1615 1710; x_wconf 86' lang='lat' dir='ltr'><strong>passim</strong></span> 
     </span>
     <span class='ocr_line' id='line_1_30' title="bbox 635 1719 1686 1761; baseline -0.002 -9"><span class='ocrx_word' id='word_1_188' title='bbox 635 1721 686 1748; x_wconf 76' lang='lat'>445</span> <span class='ocrx_word' id='word_1_189' title='bbox 789 1731 849 1752; x_wconf 87' lang='lat' dir='ltr'><strong>nec</strong></span> <span class='ocrx_word' id='word_1_190' title='bbox 873 1720 969 1752; x_wconf 89' lang='lat' dir='ltr'><strong>rubor</strong></span> <span class='ocrx_word' id='word_1_191' title='bbox 992 1720 1077 1752; x_wconf 91' lang='lat' dir='ltr'><strong>ullus</strong></span> <span class='ocrx_word' id='word_1_192' title='bbox 1103 1723 1182 1759; x_wconf 83' lang='lat' dir='ltr'><strong>erat,</strong></span> <span class='ocrx_word' id='word_1_193' title='bbox 1208 1730 1280 1751; x_wconf 91' lang='lat' dir='ltr'><strong>cum</strong></span> <span class='ocrx_word' id='word_1_194' title='bbox 1305 1722 1408 1752; x_wconf 79' lang='lat' dir='ltr'><strong>staret</strong></span> <span class='ocrx_word' id='word_1_195' title='bbox 1431 1719 1520 1761; x_wconf 86' lang='lat' dir='ltr'><strong>origo</strong></span> <span class='ocrx_word' id='word_1_196' title='bbox 1544 1719 1686 1761; x_wconf 88' lang='lat' dir='ltr'><strong>pudoris,</strong></span> 
     </span>
     <span class='ocr_line' id='line_1_31' title="bbox 791 1771 1639 1814; baseline -0.001 -11"><span class='ocrx_word' id='word_1_197' title='bbox 791 1772 1002 1814; x_wconf 85' lang='lat' dir='ltr'><strong>illicitumque</strong></span> <span class='ocrx_word' id='word_1_198' title='bbox 1027 1772 1088 1803; x_wconf 88' lang='lat' dir='ltr'><strong>sibi</strong></span> <span class='ocrx_word' id='word_1_199' title='bbox 1113 1782 1245 1814; x_wconf 83' lang='lat' dir='ltr'><strong>prorsus</strong></span> <span class='ocrx_word' id='word_1_200' title='bbox 1271 1771 1348 1803; x_wconf 82' lang='lat' dir='ltr'><strong>nihil</strong></span> <span class='ocrx_word' id='word_1_201' title='bbox 1373 1781 1446 1803; x_wconf 87' lang='lat' dir='ltr'><strong>esse</strong></span> <span class='ocrx_word' id='word_1_202' title='bbox 1470 1771 1639 1813; x_wconf 83' lang='lat' dir='ltr'><strong>putabant.</strong></span> 
     </span>
     <span class='ocr_line' id='line_1_32' title="bbox 791 1822 1703 1865; baseline -0.002 -9"><span class='ocrx_word' id='word_1_203' title='bbox 791 1827 824 1856; x_wconf 88' lang='lat' dir='ltr'><strong>et</strong></span> <span class='ocrx_word' id='word_1_204' title='bbox 847 1824 931 1855; x_wconf 87' lang='lat' dir='ltr'><strong>bene</strong></span> <span class='ocrx_word' id='word_1_205' title='bbox 955 1823 1142 1864; x_wconf 83' lang='lat' dir='ltr'><strong>credebant,</strong></span> <span class='ocrx_word' id='word_1_206' title='bbox 1167 1823 1283 1865; x_wconf 88' lang='lat' dir='ltr'><strong>quibus</strong></span> <span class='ocrx_word' id='word_1_207' title='bbox 1308 1823 1418 1855; x_wconf 84' lang='lat' dir='ltr'><strong>omnia</strong></span> <span class='ocrx_word' id='word_1_208' title='bbox 1441 1823 1535 1855; x_wconf 86' lang='lat' dir='ltr'><strong>iussit</strong></span> <span class='ocrx_word' id='word_1_209' title='bbox 1557 1822 1598 1854; x_wconf 84' lang='lat' dir='ltr'><strong>ad</strong></span> <span class='ocrx_word' id='word_1_210' title='bbox 1625 1833 1703 1854; x_wconf 88' lang='lat' dir='ltr'><strong>usus</strong></span> 
     </span>
     <span class='ocr_line' id='line_1_33' title="bbox 793 1875 1500 1917; baseline 0 -11"><span class='ocrx_word' id='word_1_211' title='bbox 793 1875 917 1907; x_wconf 84' lang='lat' dir='ltr'><strong>arboris</strong></span> <span class='ocrx_word' id='word_1_212' title='bbox 940 1876 1035 1907; x_wconf 86' lang='lat' dir='ltr'><strong>unius</strong></span> <span class='ocrx_word' id='word_1_213' title='bbox 1060 1875 1166 1907; x_wconf 87' lang='lat' dir='ltr'><strong>fructu</strong></span> <span class='ocrx_word' id='word_1_214' title='bbox 1190 1875 1249 1907; x_wconf 88' lang='lat' dir='ltr'><strong>sub</strong></span> <span class='ocrx_word' id='word_1_215' title='bbox 1273 1875 1347 1917; x_wconf 85' lang='lat' dir='ltr'><strong>lege</strong></span> <span class='ocrx_word' id='word_1_216' title='bbox 1371 1878 1500 1917; x_wconf 87' lang='lat' dir='ltr'><strong>negato.</strong></span> 
     </span>
     <span class='ocr_line' id='line_1_34' title="bbox 789 1926 1632 1967; baseline 0 -9"><span class='ocrx_word' id='word_1_217' title='bbox 789 1937 922 1959; x_wconf 81' lang='lat' dir='ltr'><strong>vomere</strong></span> <span class='ocrx_word' id='word_1_218' title='bbox 945 1937 1010 1958; x_wconf 88' lang='lat' dir='ltr'><strong>non</strong></span> <span class='ocrx_word' id='word_1_219' title='bbox 1033 1927 1140 1966; x_wconf 87' lang='lat' dir='ltr'><strong>tellus,</strong></span> <span class='ocrx_word' id='word_1_220' title='bbox 1164 1937 1227 1958; x_wconf 89' lang='lat' dir='ltr'><strong>nou</strong></span> <span class='ocrx_word' id='word_1_221' title='bbox 1251 1927 1362 1959; x_wconf 80' lang='lat' dir='ltr'><strong>rastris</strong></span> <span class='ocrx_word' id='word_1_222' title='bbox 1386 1927 1474 1959; x_wconf 82' lang='lat' dir='ltr'><strong>iussa</strong></span> <span class='ocrx_word' id='word_1_223' title='bbox 1498 1926 1632 1967; x_wconf 84' lang='lat' dir='ltr'><strong>domari,</strong></span> 
     </span>
    </p>
   </div>
   <div class='ocr_carea' id='block_1_3' title="bbox 378 2038 2029 2474">
    <p class='ocr_par' dir='ltr' id='par_1_3' title="bbox 378 2038 2029 2474">
     <span class='ocr_line' id='line_1_35' title="bbox 380 2038 1031 2065; baseline 0 -1"><span class='ocrx_word' id='word_1_224' title='bbox 380 2040 405 2064; x_wconf 81' lang='lat' dir='ltr'><strong>in</strong></span> <span class='ocrx_word' id='word_1_225' title='bbox 427 2041 448 2064; x_wconf 72' lang='lat' dir='ltr'><em>C</em></span> <span class='ocrx_word' id='word_1_226' title='bbox 466 2039 593 2065; x_wconf 65' lang='lat'><strong>427—250.</strong></span> <span class='ocrx_word' id='word_1_227' title='bbox 612 2038 740 2065; x_wconf 73' lang='lat'><strong>435—313.</strong></span> <span class='ocrx_word' id='word_1_228' title='bbox 758 2038 885 2064; x_wconf 77' lang='lat'>439—41.</span> <span class='ocrx_word' id='word_1_229' title='bbox 904 2038 1031 2065; x_wconf 74' lang='lat'>443—45.</span> 
     </span>
     <span class='ocr_line' id='line_1_36' title="bbox 486 2090 1992 2126; baseline 0.003 -10"><span class='ocrx_word' id='word_1_230' title='bbox 486 2090 535 2116; x_wconf 70' lang='lat'><strong>417</strong></span> <span class='ocrx_word' id='word_1_231' title='bbox 555 2092 663 2124; x_wconf 79' lang='lat' dir='ltr'><strong>migrare</strong></span> <span class='ocrx_word' id='word_1_232' title='bbox 681 2091 747 2116; x_wconf 86' lang='lat' dir='ltr'><strong>diem</strong></span> <span class='ocrx_word' id='word_1_233' title='bbox 767 2090 831 2122; x_wconf 61' lang='lat' dir='ltr'><strong>Eua.</strong></span> <span class='ocrx_word' id='word_1_234' title='bbox 894 2092 1010 2123; x_wconf 69' lang='lat' dir='ltr'><strong>sorlasee</strong></span> <span class='ocrx_word' id='word_1_235' title='bbox 1027 2095 1083 2123; x_wconf 78' lang='lat' dir='ltr'><strong>pos!</strong></span> <span class='ocrx_word' id='word_1_236' title='bbox 1101 2090 1151 2116; x_wconf 79' lang='lat'><strong>417</strong></span> <span class='ocrx_word' id='word_1_237' title='bbox 1171 2091 1262 2116; x_wconf 73' lang='lat' dir='ltr'><strong>excidit</strong></span> <span class='ocrx_word' id='word_1_238' title='bbox 1280 2099 1366 2117; x_wconf 73' lang='lat' dir='ltr'><strong>versus</strong></span> <span class='ocrx_word' id='word_1_239' title='bbox 1384 2100 1451 2116; x_wconf 75' lang='lat' dir='ltr'><strong>unus</strong></span> <span class='ocrx_word' id='word_1_240' title='bbox 1538 2090 1590 2117; x_wconf 82' lang='lat'>419</span> <span class='ocrx_word' id='word_1_241' title='bbox 1608 2092 1696 2124; x_wconf 84' lang='lat' dir='ltr'><strong>glubes</strong></span> <span class='ocrx_word' id='word_1_242' title='bbox 1715 2093 1799 2119; x_wconf 76' lang='lat' dir='ltr'><strong>lunari</strong></span> <span class='ocrx_word' id='word_1_243' title='bbox 1818 2094 1850 2126; x_wconf 80' lang='grc' dir='ltr'><strong>Β,</strong></span> <span class='ocrx_word' id='word_1_244' title='bbox 1869 2103 1936 2120; x_wconf 81' lang='lat' dir='ltr'><strong>corr.</strong></span> <span class='ocrx_word' id='word_1_245' title='bbox 1950 2093 1992 2119; x_wconf 72' lang='lat' dir='ltr'><strong>M‘</strong></span> 
     </span>
     <span class='ocr_line' id='line_1_37' title="bbox 379 2132 2028 2169; baseline 0.003 -11"><span class='ocrx_word' id='word_1_246' title='bbox 379 2133 430 2158; x_wconf 75' lang='lat'><strong>4-20</strong></span> <span class='ocrx_word' id='word_1_247' title='bbox 443 2138 500 2159; x_wconf 76' lang='lat' dir='ltr'><strong>‹moe</strong></span> <span class='ocrx_word' id='word_1_248' title='bbox 513 2134 562 2159; x_wconf 70' lang='lat'><strong>418</strong></span> <span class='ocrx_word' id='word_1_249' title='bbox 572 2133 725 2166; x_wconf 59' lang='lat' dir='ltr'><strong>ponendus?</strong></span> <span class='ocrx_word' id='word_1_250' title='bbox 785 2132 832 2158; x_wconf 77' lang='lat'><strong>421</strong></span> <span class='ocrx_word' id='word_1_251' title='bbox 848 2138 968 2166; x_wconf 80' lang='lat' dir='ltr'><strong>surgente</strong></span> <span class='ocrx_word' id='word_1_252' title='bbox 981 2133 1012 2165; x_wconf 79' lang='lat' dir='ltr'><strong>B,</strong></span> <span class='ocrx_word' id='word_1_253' title='bbox 1026 2142 1092 2159; x_wconf 85' lang='lat' dir='ltr'><strong>corr.</strong></span> <span class='ocrx_word' id='word_1_254' title='bbox 1108 2134 1152 2158; x_wconf 76' lang='lat' dir='ltr'><strong>JI²</strong></span> <span class='ocrx_word' id='word_1_255' title='bbox 1165 2134 1230 2167; x_wconf 74' lang='lat' dir='ltr'><strong>Euty.</strong></span> <span class='ocrx_word' id='word_1_256' title='bbox 1283 2143 1393 2167; x_wconf 80' lang='lat' dir='ltr'><strong>aequore</strong></span> <span class='ocrx_word' id='word_1_257' title='bbox 1405 2138 1513 2168; x_wconf 80' lang='lat' dir='ltr'><strong>gemunt</strong></span> <span class='ocrx_word' id='word_1_258' title='bbox 1526 2135 1558 2166; x_wconf 82' lang='lat' dir='ltr'><strong>B,</strong></span> <span class='ocrx_word' id='word_1_259' title='bbox 1571 2143 1638 2160; x_wconf 75' lang='lat' dir='ltr'><strong>corr.</strong></span> <span class='ocrx_word' id='word_1_260' title='bbox 1658 2135 1694 2160; x_wconf 60' lang='grc' dir='ltr'><strong>ῘῘ2</strong></span> <span class='ocrx_word' id='word_1_261' title='bbox 1704 2136 1770 2169; x_wconf 71' lang='lat' dir='ltr'><strong>Eua.</strong></span> <span class='ocrx_word' id='word_1_262' title='bbox 1832 2136 1884 2163; x_wconf 87' lang='grc'><strong>423</strong></span> <span class='ocrx_word' id='word_1_263' title='bbox 1893 2138 2028 2163; x_wconf 79' lang='lat' dir='ltr'><strong>rubentem</strong></span> 
     </span>
     <span class='ocr_line' id='line_1_38' title="bbox 379 2175 2028 2213; baseline 0.004 -14"><span class='ocrx_word' id='word_1_264' title='bbox 379 2175 445 2207; x_wconf 61' lang='lat' dir='ltr'><strong>Ja&#39;ugs.</strong></span> <span class='ocrx_word' id='word_1_265' title='bbox 515 2175 565 2201; x_wconf 76' lang='grc'><strong>424</strong></span> <span class='ocrx_word' id='word_1_266' title='bbox 585 2177 654 2202; x_wconf 74' lang='lat' dir='ltr'><strong>fouet</strong></span> <span class='ocrx_word' id='word_1_267' title='bbox 672 2176 799 2207; x_wconf 77' lang='lat' dir='ltr'><strong>ext(er)11a</strong></span> <span class='ocrx_word' id='word_1_268' title='bbox 813 2176 844 2207; x_wconf 75' lang='grc' dir='ltr'><strong>Β,</strong></span> <span class='ocrx_word' id='word_1_269' title='bbox 864 2177 898 2208; x_wconf 78' lang='lat' dir='ltr'><strong>cf.</strong></span> <span class='ocrx_word' id='word_1_270' title='bbox 912 2175 977 2208; x_wconf 73' lang='lat' dir='ltr'><strong>Euy.</strong></span> <span class='ocrx_word' id='word_1_271' title='bbox 1047 2176 1098 2202; x_wconf 74' lang='lat'><strong>428</strong></span> <span class='ocrx_word' id='word_1_272' title='bbox 1116 2177 1231 2202; x_wconf 82' lang='lat' dir='ltr'><strong>homiues</strong></span> <span class='ocrx_word' id='word_1_273' title='bbox 1244 2177 1310 2210; x_wconf 72' lang='lat' dir='ltr'><strong>Euq.</strong></span> <span class='ocrx_word' id='word_1_274' title='bbox 1381 2179 1510 2211; x_wconf 86' lang='lat' dir='ltr'><strong>sensitque</strong></span> <span class='ocrx_word' id='word_1_275' title='bbox 1525 2179 1547 2203; x_wconf 83' lang='lat' dir='ltr'><em>C</em></span> <span class='ocrx_word' id='word_1_276' title='bbox 1612 2179 1666 2205; x_wconf 53' lang='grc' dir='ltr'><strong>ἴω</strong></span> <span class='ocrx_word' id='word_1_277' title='bbox 1685 2180 1867 2213; x_wconf 81' lang='lat' dir='ltr'><strong>sanx(it)q(ne)</strong></span> <span class='ocrx_word' id='word_1_278' title='bbox 1886 2189 1990 2206; x_wconf 77' lang='lat' dir='ltr'><strong>manare</strong></span> <span class='ocrx_word' id='word_1_279' title='bbox 2003 2180 2028 2205; x_wconf 95' lang='lat' dir='ltr'><em>B</em></span> 
     </span>
     <span class='ocr_line' id='line_1_39' title="bbox 413 2218 1976 2256; baseline 0.003 -12"><span class='ocrx_word' id='word_1_280' title='bbox 413 2218 463 2244; x_wconf 76' lang='lat'><strong>429</strong></span> <span class='ocrx_word' id='word_1_281' title='bbox 482 2220 549 2244; x_wconf 85' lang='lat' dir='ltr'><strong>Huic</strong></span> <span class='ocrx_word' id='word_1_282' title='bbox 570 2220 596 2251; x_wconf 81' lang='lat' dir='ltr'><strong>C,</strong></span> <span class='ocrx_word' id='word_1_283' title='bbox 615 2224 699 2244; x_wconf 78' lang='lat' dir='ltr'><strong>utrum</strong></span> <span class='ocrx_word' id='word_1_284' title='bbox 718 2220 786 2244; x_wconf 82' lang='lat' dir='ltr'><strong>Huic</strong></span> <span class='ocrx_word' id='word_1_285' title='bbox 804 2228 839 2244; x_wconf 78' lang='lat' dir='ltr'><strong>an</strong></span> <span class='ocrx_word' id='word_1_286' title='bbox 857 2220 925 2246; x_wconf 87' lang='lat' dir='ltr'><strong>Hinc</strong></span> <span class='ocrx_word' id='word_1_287' title='bbox 944 2220 969 2244; x_wconf 79' lang='lat' dir='ltr'><strong>in</strong></span> <span class='ocrx_word' id='word_1_288' title='bbox 983 2219 1008 2244; x_wconf 89' lang='lat' dir='ltr'><em>B</em></span> <span class='ocrx_word' id='word_1_289' title='bbox 1026 2220 1159 2252; x_wconf 77' lang='lat' dir='ltr'><strong>inccrtum3</strong></span> <span class='ocrx_word' id='word_1_290' title='bbox 1179 2221 1212 2253; x_wconf 76' lang='lat' dir='ltr'><strong>cf.</strong></span> <span class='ocrx_word' id='word_1_291' title='bbox 1227 2221 1291 2253; x_wconf 64' lang='lat' dir='ltr'><strong>EuJJ.</strong></span> <span class='ocrx_word' id='word_1_292' title='bbox 1375 2222 1423 2247; x_wconf 86' lang='lat' dir='ltr'><strong>diis</strong></span> <span class='ocrx_word' id='word_1_293' title='bbox 1441 2222 1473 2254; x_wconf 83' lang='lat' dir='ltr'><strong>B,</strong></span> <span class='ocrx_word' id='word_1_294' title='bbox 1493 2222 1524 2247; x_wconf 62' lang='lat' dir='ltr'><strong>ds</strong></span> <span class='ocrx_word' id='word_1_295' title='bbox 1544 2222 1566 2247; x_wconf 81' lang='grc' dir='ltr'><em>Ο</em></span> <span class='ocrx_word' id='word_1_296' title='bbox 1666 2221 1718 2248; x_wconf 87' lang='grc'><strong>430</strong></span> <span class='ocrx_word' id='word_1_297' title='bbox 1735 2231 1782 2248; x_wconf 85' lang='lat' dir='ltr'><strong>nee</strong></span> <span class='ocrx_word' id='word_1_298' title='bbox 1802 2223 1878 2256; x_wconf 61' lang='lat' dir='ltr'><strong>Euty„</strong></span> <span class='ocrx_word' id='word_1_299' title='bbox 1896 2232 1929 2249; x_wconf 85' lang='lat' dir='ltr'><strong>ne</strong></span> <span class='ocrx_word' id='word_1_300' title='bbox 1951 2223 1976 2249; x_wconf 92' lang='lat' dir='ltr'><em>B</em></span> 
     </span>
     <span class='ocr_line' id='line_1_40' title="bbox 378 2260 2026 2299; baseline 0.004 -13"><span class='ocrx_word' id='word_1_301' title='bbox 378 2260 427 2286; x_wconf 70' lang='lat'><strong>4:31</strong></span> <span class='ocrx_word' id='word_1_302' title='bbox 447 2270 473 2287; x_wconf 85' lang='lat' dir='ltr'><strong>se</strong></span> <span class='ocrx_word' id='word_1_303' title='bbox 492 2267 590 2295; x_wconf 81' lang='lat' dir='ltr'><strong>praeter</strong></span> <span class='ocrx_word' id='word_1_304' title='bbox 607 2262 665 2288; x_wconf 76' lang='lat' dir='ltr'><strong>edd.</strong></span> <span class='ocrx_word' id='word_1_305' title='bbox 746 2261 796 2287; x_wconf 73' lang='lat'><strong>434</strong></span> <span class='ocrx_word' id='word_1_306' title='bbox 815 2271 872 2295; x_wconf 84' lang='lat' dir='ltr'><strong>spes</strong></span> <span class='ocrx_word' id='word_1_307' title='bbox 890 2263 944 2295; x_wconf 84' lang='lat' dir='ltr'><strong>opis</strong></span> <span class='ocrx_word' id='word_1_308' title='bbox 963 2267 987 2287; x_wconf 85' lang='lat' dir='ltr'><strong>et</strong></span> <span class='ocrx_word' id='word_1_309' title='bbox 1000 2263 1032 2294; x_wconf 87' lang='lat' dir='ltr'><strong>B,</strong></span> <span class='ocrx_word' id='word_1_310' title='bbox 1051 2264 1084 2295; x_wconf 78' lang='lat' dir='ltr'><strong>cf.</strong></span> <span class='ocrx_word' id='word_1_311' title='bbox 1098 2263 1177 2289; x_wconf 82' lang='lat' dir='ltr'><strong>Drac.</strong></span> <span class='ocrx_word' id='word_1_312' title='bbox 1191 2264 1207 2288; x_wconf 92' lang='lat'><em>1</em></span> <span class='ocrx_word' id='word_1_313' title='bbox 1219 2266 1251 2289; x_wconf 88' lang='grc'><strong>10</strong></span> <span class='ocrx_word' id='word_1_314' title='bbox 1328 2263 1380 2290; x_wconf 83' lang='grc'><strong>435</strong></span> <span class='ocrx_word' id='word_1_315' title='bbox 1399 2265 1512 2290; x_wconf 79' lang='lat' dir='ltr'><strong>bonitate</strong></span> <span class='ocrx_word' id='word_1_316' title='bbox 1530 2266 1588 2298; x_wconf 85' lang='lat' dir='ltr'><strong>pius</strong></span> <span class='ocrx_word' id='word_1_317' title='bbox 1609 2264 1636 2298; x_wconf 78' lang='lat' dir='ltr'><strong>C&#39;,</strong></span> <span class='ocrx_word' id='word_1_318' title='bbox 1654 2266 1747 2299; x_wconf 74' lang='lat' dir='ltr'><strong>pietate</strong></span> <span class='ocrx_word' id='word_1_319' title='bbox 1766 2267 1849 2293; x_wconf 86' lang='lat' dir='ltr'><strong>bonus</strong></span> <span class='ocrx_word' id='word_1_320' title='bbox 1867 2266 1893 2292; x_wconf 90' lang='lat' dir='ltr'><em>B</em></span> <span class='ocrx_word' id='word_1_321' title='bbox 1973 2265 2026 2293; x_wconf 78' lang='grc'><strong>436</strong></span> 
     </span>
     <span class='ocr_line' id='line_1_41' title="bbox 379 2305 2028 2342; baseline 0.004 -13"><span class='ocrx_word' id='word_1_322' title='bbox 379 2305 436 2338; x_wconf 83' lang='lat' dir='ltr'><strong>pius</strong></span> <span class='ocrx_word' id='word_1_323' title='bbox 456 2305 482 2334; x_wconf 25' lang='grc' dir='ltr'><strong>(γ’,</strong></span> <span class='ocrx_word' id='word_1_324' title='bbox 502 2306 584 2331; x_wconf 83' lang='lat' dir='ltr'><strong>bonus</strong></span> <span class='ocrx_word' id='word_1_325' title='bbox 604 2305 628 2330; x_wconf 83' lang='lat' dir='ltr'><em>B</em></span> <span class='ocrx_word' id='word_1_326' title='bbox 696 2306 739 2330; x_wconf 74' lang='lat' dir='ltr'><strong>sed</strong></span> <span class='ocrx_word' id='word_1_327' title='bbox 758 2305 811 2336; x_wconf 75' lang='lat' dir='ltr'><strong>BG,</strong></span> <span class='ocrx_word' id='word_1_328' title='bbox 831 2310 856 2330; x_wconf 87' lang='lat' dir='ltr'><strong>et</strong></span> <span class='ocrx_word' id='word_1_329' title='bbox 869 2314 936 2338; x_wconf 74' lang='lat' dir='ltr'><strong>par-⁹</strong></span> <span class='ocrx_word' id='word_1_330' title='bbox 953 2307 1026 2331; x_wconf 77' lang='lat' dir='ltr'><strong>codd.</strong></span> <span class='ocrx_word' id='word_1_331' title='bbox 1041 2307 1105 2339; x_wconf 75' lang='lat' dir='ltr'><strong>Euy.</strong></span> <span class='ocrx_word' id='word_1_332' title='bbox 1175 2307 1265 2333; x_wconf 85' lang='lat' dir='ltr'><strong>celsior</strong></span> <span class='ocrx_word' id='word_1_333' title='bbox 1283 2308 1394 2334; x_wconf 86' lang='lat' dir='ltr'><strong>culmino</strong></span> <span class='ocrx_word' id='word_1_334' title='bbox 1413 2308 1458 2340; x_wconf 89' lang='lat' dir='ltr'><strong>B¹‚</strong></span> <span class='ocrx_word' id='word_1_335' title='bbox 1477 2317 1543 2334; x_wconf 86' lang='lat' dir='ltr'><strong>corr.</strong></span> <span class='ocrx_word' id='word_1_336' title='bbox 1557 2309 1594 2334; x_wconf 66' lang='grc' dir='ltr'><strong>Β2</strong></span> <span class='ocrx_word' id='word_1_337' title='bbox 1676 2307 1727 2335; x_wconf 85' lang='grc'><strong>437</strong></span> <span class='ocrx_word' id='word_1_338' title='bbox 1745 2310 1840 2335; x_wconf 79' lang='lat' dir='ltr'><strong>quunt</strong></span> <span class='ocrx_word' id='word_1_339' title='bbox 1852 2309 1884 2342; x_wconf 90' lang='lat' dir='ltr'><strong>B,</strong></span> <span class='ocrx_word' id='word_1_340' title='bbox 1903 2318 1970 2335; x_wconf 81' lang='lat' dir='ltr'><strong>corr.</strong></span> <span class='ocrx_word' id='word_1_341' title='bbox 1983 2309 2028 2334; x_wconf 65' lang='grc' dir='ltr'><strong>Μ’</strong></span> 
     </span>
     <span class='ocr_line' id='line_1_42' title="bbox 413 2348 2029 2384; baseline 0.004 -12"><span class='ocrx_word' id='word_1_342' title='bbox 413 2348 471 2373; x_wconf 77' lang='lat' dir='ltr'><strong>lacti</strong></span> <span class='ocrx_word' id='word_1_343' title='bbox 490 2348 564 2380; x_wconf 60' lang='lat' dir='ltr'><strong>Eugs„</strong></span> <span class='ocrx_word' id='word_1_344' title='bbox 583 2348 642 2374; x_wconf 75' lang='lat' dir='ltr'><strong>beas</strong></span> <span class='ocrx_word' id='word_1_345' title='bbox 663 2349 693 2380; x_wconf 76' lang='grc' dir='ltr'><strong>Β,</strong></span> <span class='ocrx_word' id='word_1_346' title='bbox 712 2349 764 2373; x_wconf 88' lang='lat' dir='ltr'><strong>bini</strong></span> <span class='ocrx_word' id='word_1_347' title='bbox 783 2348 833 2377; x_wconf 54' lang='lat'><strong>³1²,</strong></span> <span class='ocrx_word' id='word_1_348' title='bbox 852 2349 897 2373; x_wconf 82' lang='lat' dir='ltr'><strong>loti</strong></span> <span class='ocrx_word' id='word_1_349' title='bbox 917 2349 958 2373; x_wconf 62' lang='grc' dir='ltr'><strong>Μ’</strong></span> <span class='ocrx_word' id='word_1_350' title='bbox 1028 2348 1075 2374; x_wconf 79' lang='grc'><strong>441</strong></span> <span class='ocrx_word' id='word_1_351' title='bbox 1096 2350 1162 2381; x_wconf 77' lang='lat' dir='ltr'><strong>Quid</strong></span> <span class='ocrx_word' id='word_1_352' title='bbox 1177 2350 1208 2381; x_wconf 84' lang='lat' dir='ltr'><strong>B,</strong></span> <span class='ocrx_word' id='word_1_353' title='bbox 1227 2351 1300 2382; x_wconf 83' lang='lat' dir='ltr'><strong>Quod</strong></span> <span class='ocrx_word' id='word_1_354' title='bbox 1321 2351 1346 2383; x_wconf 79' lang='lat' dir='ltr'><strong>C,</strong></span> <span class='ocrx_word' id='word_1_355' title='bbox 1367 2352 1438 2383; x_wconf 82' lang='lat' dir='ltr'><strong>Quae</strong></span> <span class='ocrx_word' id='word_1_356' title='bbox 1456 2351 1521 2384; x_wconf 67' lang='lat' dir='ltr'><strong>Euy.</strong></span> <span class='ocrx_word' id='word_1_357' title='bbox 1592 2351 1644 2378; x_wconf 88' lang='grc'><strong>442</strong></span> <span class='ocrx_word' id='word_1_358' title='bbox 1662 2353 1738 2378; x_wconf 86' lang='lat' dir='ltr'><strong>sciret</strong></span> <span class='ocrx_word' id='word_1_359' title='bbox 1755 2352 1781 2377; x_wconf 91' lang='lat' dir='ltr'><em>B</em></span> <span class='ocrx_word' id='word_1_360' title='bbox 1849 2351 1901 2378; x_wconf 82' lang='grc'><strong>443</strong></span> <span class='ocrx_word' id='word_1_361' title='bbox 1913 2353 1986 2384; x_wconf 79' lang='lat' dir='ltr'><strong>Quae</strong></span> <span class='ocrx_word' id='word_1_362' title='bbox 2006 2352 2029 2378; x_wconf 87' lang='lat'><em>0</em></span> 
     </span>
     <span class='ocr_line' id='line_1_43' title="bbox 413 2384 2028 2428; baseline 0.004 -13"><span class='ocrx_word' id='word_1_363' title='bbox 413 2399 514 2423; x_wconf 80' lang='lat' dir='ltr'><strong>quoque</strong></span> <span class='ocrx_word' id='word_1_364' title='bbox 535 2392 561 2421; x_wconf 72' lang='grc' dir='ltr'><strong>ι’,</strong></span> <span class='ocrx_word' id='word_1_365' title='bbox 580 2384 613 2424; x_wconf 61' lang='lat' dir='ltr'><strong>(iq</strong></span> <span class='ocrx_word' id='word_1_366' title='bbox 632 2391 663 2423; x_wconf 81' lang='grc' dir='ltr'><strong>Β,</strong></span> <span class='ocrx_word' id='word_1_367' title='bbox 682 2399 798 2424; x_wconf 79' lang='lat' dir='ltr'><strong>quaeque</strong></span> <span class='ocrx_word' id='word_1_368' title='bbox 815 2391 894 2423; x_wconf 68' lang='lat' dir='ltr'><strong>ww,</strong></span> <span class='ocrx_word' id='word_1_369' title='bbox 914 2393 1026 2418; x_wconf 80' lang='lat' dir='ltr'><strong>membra</strong></span> <span class='ocrx_word' id='word_1_370' title='bbox 1045 2393 1109 2425; x_wconf 70' lang='grc' dir='ltr'><em>Ειᾳγ.</em></span> <span class='ocrx_word' id='word_1_371' title='bbox 1179 2392 1230 2418; x_wconf 87' lang='lat'><strong>444</strong></span> <span class='ocrx_word' id='word_1_372' title='bbox 1249 2395 1355 2420; x_wconf 86' lang='lat' dir='ltr'><strong>Publica</strong></span> <span class='ocrx_word' id='word_1_373' title='bbox 1382 2395 1415 2428; x_wconf 81' lang='lat' dir='ltr'><strong>B,</strong></span> <span class='ocrx_word' id='word_1_374' title='bbox 1439 2396 1546 2421; x_wconf 85' lang='lat' dir='ltr'><strong>Publice</strong></span> <span class='ocrx_word' id='word_1_375' title='bbox 1566 2395 1588 2421; x_wconf 80' lang='grc' dir='ltr'><em>Ο</em></span> <span class='ocrx_word' id='word_1_376' title='bbox 1649 2396 1817 2422; x_wconf 80' lang='lat' dir='ltr'><strong>ndssaectibus</strong></span> <span class='ocrx_word' id='word_1_377' title='bbox 1837 2396 1863 2428; x_wconf 65' lang='grc' dir='ltr'><strong>θ’,</strong></span> <span class='ocrx_word' id='word_1_378' title='bbox 1887 2397 2028 2423; x_wconf 77' lang='lat' dir='ltr'><strong>arrectibus</strong></span> 
     </span>
     <span class='ocr_line' id='line_1_44' title="bbox 380 2433 2025 2474; baseline 0.005 -17"><span class='ocrx_word' id='word_1_379' title='bbox 380 2433 410 2465; x_wconf 79' lang='lat'><strong>15,</strong></span> <span class='ocrx_word' id='word_1_380' title='bbox 429 2434 588 2467; x_wconf 79' lang='lat' dir='ltr'><strong>amplexibus</strong></span> <span class='ocrx_word' id='word_1_381' title='bbox 604 2434 646 2458; x_wconf 68' lang='grc' dir='ltr'><strong>Μ’</strong></span> <span class='ocrx_word' id='word_1_382' title='bbox 715 2435 808 2467; x_wconf 82' lang='lat' dir='ltr'><strong>passim</strong></span> <span class='ocrx_word' id='word_1_383' title='bbox 826 2435 858 2465; x_wconf 85' lang='lat' dir='ltr'><strong>B,</strong></span> <span class='ocrx_word' id='word_1_384' title='bbox 877 2436 944 2468; x_wconf 81' lang='lat' dir='ltr'><strong>parsi</strong></span> <span class='ocrx_word' id='word_1_385' title='bbox 963 2435 984 2460; x_wconf 72' lang='lat' dir='ltr'><strong>(J</strong></span> <span class='ocrx_word' id='word_1_386' title='bbox 1069 2434 1119 2461; x_wconf 80' lang='lat'><strong>445</strong></span> <span class='ocrx_word' id='word_1_387' title='bbox 1137 2445 1195 2462; x_wconf 88' lang='lat' dir='ltr'><strong>eum</strong></span> <span class='ocrx_word' id='word_1_388' title='bbox 1214 2441 1313 2463; x_wconf 76' lang='lat' dir='ltr'><strong>extaret</strong></span> <span class='ocrx_word' id='word_1_389' title='bbox 1333 2438 1355 2463; x_wconf 78' lang='grc' dir='ltr'><strong><em>Ο</em></strong></span> <span class='ocrx_word' id='word_1_390' title='bbox 1437 2437 1488 2464; x_wconf 83' lang='grc'><strong>449</strong></span> <span class='ocrx_word' id='word_1_391' title='bbox 1507 2437 1610 2472; x_wconf 69' lang='grc' dir='ltr'><strong>ηιεῐ(ι·ιι)</strong></span> <span class='ocrx_word' id='word_1_392' title='bbox 1628 2438 1661 2471; x_wconf 86' lang='lat' dir='ltr'><strong>B,</strong></span> <span class='ocrx_word' id='word_1_393' title='bbox 1680 2443 1762 2466; x_wconf 76' lang='lat' dir='ltr'><strong>rastro</strong></span> <span class='ocrx_word' id='word_1_394' title='bbox 1780 2439 1831 2471; x_wconf 71' lang='grc' dir='ltr'><strong>Μ’,</strong></span> <span class='ocrx_word' id='word_1_395' title='bbox 1850 2440 1940 2466; x_wconf 80' lang='lat' dir='ltr'><strong>rastris</strong></span> <span class='ocrx_word' id='word_1_396' title='bbox 1958 2439 2025 2474; x_wconf 71' lang='lat' dir='ltr'><strong>an-</strong></span> 
     </span>
    </p>
   </div>
   <div class='ocr_carea' id='block_1_4' title="bbox 380 2495 548 2499">
    <p class='ocr_par' dir='ltr' id='par_1_4' title="bbox 380 2495 548 2499">
     <span class='ocr_line' id='line_1_45' title="bbox 380 2495 548 2499; baseline 0 0"><span class='ocrx_word' id='word_1_397' title='bbox 380 2495 548 2499; x_wconf 95' lang='lat' dir='ltr'><strong> </strong></span> 
     </span>
    </p>
   </div>
   <div class='ocr_carea' id='block_1_5' title="bbox 551 2495 704 2500">
    <p class='ocr_par' dir='ltr' id='par_1_5' title="bbox 551 2495 704 2500">
     <span class='ocr_line' id='line_1_46' title="bbox 551 2495 704 2500; baseline 0 0"><span class='ocrx_word' id='word_1_398' title='bbox 551 2495 704 2500; x_wconf 95' lang='lat' dir='ltr'><strong> </strong></span> 
     </span>
    </p>
   </div>
   <div class='ocr_carea' id='block_1_6' title="bbox 379 2545 2026 2842">
    <p class='ocr_par' dir='ltr' id='par_1_6' title="bbox 379 2545 2026 2842">
     <span class='ocr_line' id='line_1_47' title="bbox 486 2545 2025 2585; baseline 0.005 -14"><span class='ocrx_word' id='word_1_399' title='bbox 486 2545 536 2572; x_wconf 76' lang='lat'><strong>417</strong></span> <span class='ocrx_word' id='word_1_400' title='bbox 556 2545 592 2578; x_wconf 83' lang='lat' dir='ltr'><strong>es.</strong></span> <span class='ocrx_word' id='word_1_401' title='bbox 605 2545 705 2571; x_wconf 76' lang='lat' dir='ltr'><strong>Munil.</strong></span> <span class='ocrx_word' id='word_1_402' title='bbox 722 2550 741 2579; x_wconf 87' lang='lat'><strong>1,</strong></span> <span class='ocrx_word' id='word_1_403' title='bbox 755 2549 786 2572; x_wconf 82' lang='lat'><strong>09</strong></span> <span class='ocrx_word' id='word_1_404' title='bbox 810 2547 868 2572; x_wconf 81' lang='lat' dir='ltr'><strong>tum</strong></span> <span class='ocrx_word' id='word_1_405' title='bbox 887 2546 963 2573; x_wconf 84' lang='lat' dir='ltr'><strong>velut</strong></span> <span class='ocrx_word' id='word_1_406' title='bbox 981 2546 1089 2574; x_wconf 71' lang='lat' dir='ltr'><strong>amissis</strong></span> <span class='ocrx_word' id='word_1_407' title='bbox 1108 2557 1239 2581; x_wconf 80' lang='lat' dir='ltr'><strong>maerens,</strong></span> <span class='ocrx_word' id='word_1_408' title='bbox 1259 2550 1318 2576; x_wconf 82' lang='lat' dir='ltr'><strong>tuni</strong></span> <span class='ocrx_word' id='word_1_409' title='bbox 1338 2549 1414 2577; x_wconf 75' lang='lat' dir='ltr'><strong>lacta</strong></span> <span class='ocrx_word' id='word_1_410' title='bbox 1432 2550 1538 2578; x_wconf 77' lang='lat' dir='ltr'><strong>renatis</strong></span> <span class='ocrx_word' id='word_1_411' title='bbox 1557 2549 1694 2577; x_wconf 80' lang='lat' dir='ltr'><strong>sideribus</strong></span> <span class='ocrx_word' id='word_1_412' title='bbox 1797 2551 1850 2579; x_wconf 83' lang='lat'><strong>420</strong></span> <span class='ocrx_word' id='word_1_413' title='bbox 1868 2550 1944 2585; x_wconf 74' lang='lat' dir='ltr'><strong>Very.</strong></span> <span class='ocrx_word' id='word_1_414' title='bbox 1957 2551 2025 2579; x_wconf 77' lang='lat' dir='ltr'><strong>Aen.</strong></span> 
     </span>
     <span class='ocr_line' id='line_1_48' title="bbox 379 2596 2026 2633; baseline 0.004 -11"><span class='ocrx_word' id='word_1_415' title='bbox 379 2600 402 2629; x_wconf 81' lang='lat'><strong>3,</strong></span> <span class='ocrx_word' id='word_1_416' title='bbox 414 2601 458 2623; x_wconf 74' lang='lat'><strong>515</strong></span> <span class='ocrx_word' id='word_1_417' title='bbox 476 2596 565 2623; x_wconf 65' lang='lat' dir='ltr'><strong>nido—m</strong></span> <span class='ocrx_word' id='word_1_418' title='bbox 582 2599 682 2624; x_wconf 75' lang='lat' dir='ltr'><strong>cuncta</strong></span> <span class='ocrx_word' id='word_1_419' title='bbox 701 2599 781 2625; x_wconf 80' lang='lat' dir='ltr'><strong>notat</strong></span> <span class='ocrx_word' id='word_1_420' title='bbox 799 2598 886 2625; x_wconf 82' lang='lat' dir='ltr'><strong>tacito</strong></span> <span class='ocrx_word' id='word_1_421' title='bbox 899 2599 1024 2626; x_wconf 78' lang='lat' dir='ltr'><strong>labentia</strong></span> <span class='ocrx_word' id='word_1_422' title='bbox 1037 2601 1122 2627; x_wconf 73' lang='lat' dir='ltr'><strong>caelo.</strong></span> <span class='ocrx_word' id='word_1_423' title='bbox 1140 2604 1163 2633; x_wconf 84' lang='grc'><strong>3,</strong></span> <span class='ocrx_word' id='word_1_424' title='bbox 1177 2605 1223 2628; x_wconf 76' lang='lat'><strong>518</strong></span> <span class='ocrx_word' id='word_1_425' title='bbox 1236 2602 1336 2628; x_wconf 80' lang='lat' dir='ltr'><strong>cuncta</strong></span> <span class='ocrx_word' id='word_1_426' title='bbox 1349 2601 1425 2628; x_wconf 82' lang='lat' dir='ltr'><strong>videt</strong></span> <span class='ocrx_word' id='word_1_427' title='bbox 1447 2601 1522 2629; x_wconf 80' lang='lat' dir='ltr'><strong>caelo</strong></span> <span class='ocrx_word' id='word_1_428' title='bbox 1540 2603 1666 2629; x_wconf 74' lang='lat' dir='ltr'><strong>constare</strong></span> <span class='ocrx_word' id='word_1_429' title='bbox 1680 2611 1775 2630; x_wconf 86' lang='lat' dir='ltr'><strong>sereno</strong></span> <span class='ocrx_word' id='word_1_430' title='bbox 1844 2602 1896 2631; x_wconf 85' lang='lat'><strong>430</strong></span> <span class='ocrx_word' id='word_1_431' title='bbox 1914 2601 2026 2630; x_wconf 84' lang='lat' dir='ltr'><strong>addicet</strong></span> 
     </span>
     <span class='ocr_line' id='line_1_49' title="bbox 379 2649 2024 2688; baseline 0.004 -13"><span class='ocrx_word' id='word_1_432' title='bbox 379 2650 397 2676; x_wconf 78' lang='lat' dir='ltr'><strong>i.</strong></span> <span class='ocrx_word' id='word_1_433' title='bbox 414 2649 506 2683; x_wconf 69' lang='lat' dir='ltr'><strong>prodet</strong></span> <span class='ocrx_word' id='word_1_434' title='bbox 568 2649 661 2676; x_wconf 76' lang='lat' dir='ltr'><strong>Claud.</strong></span> <span class='ocrx_word' id='word_1_435' title='bbox 675 2659 754 2678; x_wconf 78' lang='lat' dir='ltr'><strong>carm.</strong></span> <span class='ocrx_word' id='word_1_436' title='bbox 776 2652 838 2678; x_wconf 72' lang='lat' dir='ltr'><strong>inin.</strong></span> <span class='ocrx_word' id='word_1_437' title='bbox 858 2656 892 2678; x_wconf 77' lang='grc'><strong>32</strong></span> <span class='ocrx_word' id='word_1_438' title='bbox 914 2652 958 2684; x_wconf 78' lang='lat' dir='ltr'><strong>(de</strong></span> <span class='ocrx_word' id='word_1_439' title='bbox 975 2653 1062 2686; x_wconf 66' lang='lat' dir='ltr'><strong>salu),</strong></span> <span class='ocrx_word' id='word_1_440' title='bbox 1083 2657 1094 2679; x_wconf 90' lang='lat'><em>1</em></span> <span class='ocrx_word' id='word_1_441' title='bbox 1113 2653 1253 2680; x_wconf 79' lang='lat' dir='ltr'><strong>redeuntis</strong></span> <span class='ocrx_word' id='word_1_442' title='bbox 1273 2653 1399 2680; x_wconf 80' lang='lat' dir='ltr'><strong>conditor</strong></span> <span class='ocrx_word' id='word_1_443' title='bbox 1417 2653 1491 2686; x_wconf 79' lang='lat' dir='ltr'><strong>aevi,</strong></span> <span class='ocrx_word' id='word_1_444' title='bbox 1510 2653 1572 2680; x_wconf 78' lang='lat' dir='ltr'><strong>inde</strong></span> <span class='ocrx_word' id='word_1_445' title='bbox 1589 2654 1666 2680; x_wconf 71' lang='lat' dir='ltr'><strong>etiam</strong></span> <span class='ocrx_word' id='word_1_446' title='bbox 1686 2654 1732 2682; x_wconf 82' lang='lat' dir='ltr'><strong>Ps.</strong></span> <span class='ocrx_word' id='word_1_447' title='bbox 1751 2654 1844 2688; x_wconf 81' lang='lat' dir='ltr'><strong>Prosp.</strong></span> <span class='ocrx_word' id='word_1_448' title='bbox 1870 2654 1902 2681; x_wconf 80' lang='lat' dir='ltr'><strong>de</strong></span> <span class='ocrx_word' id='word_1_449' title='bbox 1918 2653 2024 2688; x_wconf 67' lang='lat' dir='ltr'><strong>provid.</strong></span> 
     </span>
     <span class='ocr_line' id='line_1_50' title="bbox 379 2702 2025 2741; baseline 0.004 -14"><span class='ocrx_word' id='word_1_450' title='bbox 379 2702 430 2728; x_wconf 73' lang='lat' dir='ltr'><strong>dir.</strong></span> <span class='ocrx_word' id='word_1_451' title='bbox 454 2706 503 2729; x_wconf 71' lang='lat'><strong>⁴60·</strong></span> <span class='ocrx_word' id='word_1_452' title='bbox 525 2702 651 2729; x_wconf 80' lang='lat' dir='ltr'><strong>conditor</strong></span> <span class='ocrx_word' id='word_1_453' title='bbox 673 2703 734 2729; x_wconf 81' lang='lat' dir='ltr'><strong>nevi</strong></span> <span class='ocrx_word' id='word_1_454' title='bbox 837 2704 888 2730; x_wconf 71' lang='lat'><strong>4:39</strong></span> <span class='ocrx_word' id='word_1_455' title='bbox 908 2704 974 2731; x_wconf 74' lang='lat' dir='ltr'><strong>Stat.</strong></span> <span class='ocrx_word' id='word_1_456' title='bbox 996 2704 1071 2730; x_wconf 74' lang='lat' dir='ltr'><strong>Theb.</strong></span> <span class='ocrx_word' id='word_1_457' title='bbox 1091 2708 1115 2737; x_wconf 78' lang='lat'><strong>8,</strong></span> <span class='ocrx_word' id='word_1_458' title='bbox 1136 2709 1162 2731; x_wconf 77' lang='lat'><strong>71</strong></span> <span class='ocrx_word' id='word_1_459' title='bbox 1187 2714 1261 2732; x_wconf 83' lang='lat' dir='ltr'><strong>more</strong></span> <span class='ocrx_word' id='word_1_460' title='bbox 1285 2706 1410 2732; x_wconf 81' lang='lat' dir='ltr'><strong>ferarum.</strong></span> <span class='ocrx_word' id='word_1_461' title='bbox 1437 2706 1542 2740; x_wconf 71' lang='lat' dir='ltr'><strong>Cor-[pp.</strong></span> <span class='ocrx_word' id='word_1_462' title='bbox 1563 2706 1617 2733; x_wconf 85' lang='grc' dir='ltr'><em>ΙοῘι.</em></span> <span class='ocrx_word' id='word_1_463' title='bbox 1633 2710 1656 2739; x_wconf 84' lang='grc' dir='ltr'><strong>σ,</strong></span> <span class='ocrx_word' id='word_1_464' title='bbox 1674 2710 1723 2734; x_wconf 75' lang='grc'><strong>419</strong></span> <span class='ocrx_word' id='word_1_465' title='bbox 1745 2706 1801 2734; x_wconf 85' lang='lat' dir='ltr'><strong>ritu</strong></span> <span class='ocrx_word' id='word_1_466' title='bbox 1825 2705 1962 2741; x_wconf 87' lang='lat' dir='ltr'><strong>pecudum</strong></span> <span class='ocrx_word' id='word_1_467' title='bbox 1980 2706 2025 2733; x_wconf 86' lang='lat' dir='ltr'><strong>vel</strong></span> 
     </span>
     <span class='ocr_line' id='line_1_51' title="bbox 380 2755 2024 2792; baseline 0.002 -12"><span class='ocrx_word' id='word_1_468' title='bbox 380 2764 453 2780; x_wconf 74' lang='lat' dir='ltr'><strong>mort·</strong></span> <span class='ocrx_word' id='word_1_469' title='bbox 473 2755 589 2781; x_wconf 79' lang='lat' dir='ltr'><strong>ferarum</strong></span> <span class='ocrx_word' id='word_1_470' title='bbox 692 2757 743 2782; x_wconf 74' lang='lat'><strong>449</strong></span> <span class='ocrx_word' id='word_1_471' title='bbox 771 2756 815 2782; x_wconf 78' lang='lat' dir='ltr'><strong>Or.</strong></span> <span class='ocrx_word' id='word_1_472' title='bbox 834 2759 890 2782; x_wconf 71' lang='lat' dir='ltr'><strong>mel.</strong></span> <span class='ocrx_word' id='word_1_473' title='bbox 908 2761 930 2789; x_wconf 85' lang='lat'><strong>1,</strong></span> <span class='ocrx_word' id='word_1_474' title='bbox 947 2761 991 2783; x_wconf 81' lang='lat'><strong>101</strong></span> <span class='ocrx_word' id='word_1_475' title='bbox 1015 2759 1158 2791; x_wconf 80' lang='lat' dir='ltr'><strong>rastroque</strong></span> <span class='ocrx_word' id='word_1_476' title='bbox 1183 2757 1291 2785; x_wconf 73' lang='lat' dir='ltr'><strong>intucta</strong></span> <span class='ocrx_word' id='word_1_477' title='bbox 1316 2767 1366 2785; x_wconf 83' lang='lat' dir='ltr'><strong>nee</strong></span> <span class='ocrx_word' id='word_1_478' title='bbox 1391 2758 1454 2785; x_wconf 86' lang='lat' dir='ltr'><strong>ullis</strong></span> <span class='ocrx_word' id='word_1_479' title='bbox 1478 2758 1572 2786; x_wconf 74' lang='lat' dir='ltr'><strong>saucia</strong></span> <span class='ocrx_word' id='word_1_480' title='bbox 1593 2758 1749 2786; x_wconf 82' lang='lat' dir='ltr'><strong>vomeribus</strong></span> <span class='ocrx_word' id='word_1_481' title='bbox 1762 2779 1768 2785; x_wconf 93' lang='lat'><strong>.</strong></span> <span class='ocrx_word' id='word_1_482' title='bbox 1783 2779 1808 2785; x_wconf 95' lang='lat'><strong>..</strong></span> <span class='ocrx_word' id='word_1_483' title='bbox 1834 2758 1926 2786; x_wconf 77' lang='lat' dir='ltr'><strong>tellus.</strong></span> <span class='ocrx_word' id='word_1_484' title='bbox 1951 2757 2024 2792; x_wconf 73' lang='lat' dir='ltr'><strong>Very.</strong></span> 
     </span>
     <span class='ocr_line' id='line_1_52' title="bbox 381 2806 1170 2842; baseline 0.005 -10"><span class='ocrx_word' id='word_1_485' title='bbox 381 2806 449 2832; x_wconf 77' lang='lat' dir='ltr'><strong>Aen.</strong></span> <span class='ocrx_word' id='word_1_486' title='bbox 467 2810 490 2838; x_wconf 86' lang='lat'><strong>9,</strong></span> <span class='ocrx_word' id='word_1_487' title='bbox 510 2810 563 2833; x_wconf 62' lang='lat'><strong>6413</strong></span> <span class='ocrx_word' id='word_1_488' title='bbox 586 2807 679 2833; x_wconf 65' lang='lat' dir='ltr'><strong>rustris</strong></span> <span class='ocrx_word' id='word_1_489' title='bbox 699 2809 799 2834; x_wconf 77' lang='lat' dir='ltr'><strong>terrum</strong></span> <span class='ocrx_word' id='word_1_490' title='bbox 818 2807 922 2834; x_wconf 51' lang='lat' dir='ltr'><strong>domat.</strong></span> <span class='ocrx_word' id='word_1_491' title='bbox 941 2808 972 2840; x_wconf 79' lang='lat' dir='ltr'><strong>cf.</strong></span> <span class='ocrx_word' id='word_1_492' title='bbox 988 2809 1070 2836; x_wconf 77' lang='lat' dir='ltr'><strong>Drac.</strong></span> <span class='ocrx_word' id='word_1_493' title='bbox 1085 2814 1108 2842; x_wconf 79' lang='lat'><strong>2,</strong></span> <span class='ocrx_word' id='word_1_494' title='bbox 1121 2815 1170 2836; x_wconf 66' lang='lat'><strong>442</strong></span> 
     </span>
    </p>
   </div>
  </div>
 </body>
</html>
