2106 3061
750 158 782 184 11.
819 158 931 184 INDEX
951 159 1022 185 VER
1029 159 1160 185 EORVM.

132 240 303 279 probrum]
333 240 404 274 Euq.
426 248 445 266 c.
467 245 489 273 5,
507 244 537 266 21
568 241 659 275 pande
689 242 797 268 Christo
828 243 928 276 probra

169 275 266 302 cordis.
303 279 342 307 14,
355 278 388 301 69
405 276 552 309 patrentur
572 296 577 301 .
591 296 596 301 .
611 297 615 302 .
636 277 746 310 probra..
782 281 819 310 16,
832 282 848 303 4
867 278 928 303 elue

167 309 277 343 probra,
297 311 384 343 pater.
420 312 458 341 25,
472 312 488 334 2
506 309 609 343 probra.
626 310 762 338 laventur.

133 343 295 379 procedo]
318 348 339 374 1,
352 347 400 369 476
422 344 569 377 procedere
593 344 672 377 peius
760 345 844 371 nefas.
880 348 929 371 607

170 377 318 412 procedere
330 377 455 404 fontibus
468 385 562 404 amnes
576 379 620 411 (cf.
633 381 694 404 nota
707 382 730 405 et
746 387 766 405 s.
779 387 800 405 v.
819 380 928 411 amnis).

169 417 193 444 2,
205 415 254 438 372
280 412 361 438 simul
389 412 523 446 processit
550 421 640 446 poena
668 421 783 439 reorum.
825 416 873 439 412
899 414 928 439 in

169 446 249 480 peius
268 446 416 479 procedere
436 466 441 472 .
457 466 461 471 .
477 466 482 472 .
502 448 575 472 vota.
613 450 663 473 552
685 447 784 474 tertius
866 456 928 481 pro-

170 480 252 506 cessit
271 481 376 506 lucifer.
415 484 460 506 745
478 481 625 513 procedere
644 482 736 508 solem.
772 484 795 514 3,
808 485 836 507 72
855 484 928 508 ostro

168 515 283 540 indutus
302 535 308 540 .
322 535 328 540 .
343 535 348 540 .
368 515 501 548 processit
519 514 594 541 dir-es.
632 515 662 541 X
673 519 722 542 293
740 515 852 542 Medeae
871 518 928 542 tur-

167 549 241 582 piter
260 568 266 574 .
280 568 285 574 .
300 569 306 575 .
325 549 459 582 processit
477 557 561 575 amor.

132 583 301 618 procella]
331 588 352 616 1,
373 586 422 609 312
452 583 546 609 vincat
573 592 684 610 currens

167 617 257 651 tigris.
293 621 341 644 509
367 617 439 643 male
466 620 598 644 venturas
701 619 843 652 procellas,
883 622 928 645 708

167 652 280 685 rapidas
307 671 313 677 .
336 675 342 680 ‚
365 671 371 678 .
399 652 534 685 procellas
564 656 598 684 (2,
617 654 687 684 159).
735 656 757 684 2,
776 657 823 678 177
851 653 928 678 nulla

167 686 319 712 comitante
338 686 468 720 procella.
498 689 521 718 3,
535 690 584 713 588
603 695 645 712 me
660 687 790 713 scelerum
806 707 828 713 ..
841 707 846 712 .
861 696 928 719 qua-

167 721 243 746 tiunt
258 741 261 746 .
278 740 283 747 .
298 740 303 746 .
321 721 466 754 procellae.
496 720 520 746 V
534 724 563 746 74
576 721 682 747 validas
697 723 746 747 sub
759 723 928 755 tempestate

166 755 302 788 procellas
329 755 361 788 (1,
386 758 432 781 708
458 754 570 788 rapidas
598 755 627 780 in
655 757 674 782 t.
699 756 746 789 p.).
786 755 926 782 17111431

166 789 271 815 rabidis
289 809 294 814 .
310 809 315 815 .
331 810 336 816 .
356 789 485 822 procellis
505 789 548 820 (X
559 791 612 821 39).

132 831 236 857 proce
246 824 305 856 res]
325 823 393 849 Mer.
404 825 473 856 poet.
488 827 537 849 107
553 823 706 857 populique
720 825 887 857 patrumque
901 825 928 849 et

166 866 319 892 procerum.
354 857 439 884 Drac.
460 860 484 890 2,
500 860 543 884 735
570 866 695 892 proceres
723 858 824 883 servire
852 858 927 884 facis.

167 895 191 924 3,
204 895 254 918 387
271 892 374 925 pullati
393 900 518 925 proceres
535 892 581 925 (cf.
595 894 680 924 nota).
710 896 759 918 489
772 892 806 918 ad
820 893 928 926 patriae

166 926 306 959 (Iudaeae)
330 934 463 960 proceres·
499 929 549 952 sat.
562 930 608 952 196
632 926 745 960 puplica
768 935 844 952 merx
868 935 928 960 pro-

167 968 259 986 cerum
277 961 294 986 i.
311 961 395 992 fama.
435 960 511 987 VIII
521 963 567 986 235
589 961 686 987 Iliacos
709 969 842 994 proceres.
884 961 927 987 Or.

166 997 216 1021 384
235 995 329 1020 eximii
354 1003 479 1028 proceres
498 995 623 1020 Danaum
649 995 803 1029 populique
823 995 927 1028 pusilli.

168 1032 218 1055 892
236 1037 361 1063 proceres
380 1029 408 1062 (i.
421 1037 444 1061 q.
458 1032 509 1055 890
521 1031 629 1063 patres;
648 1032 695 1056 932
712 1032 745 1063 cf.
766 1030 844 1063 Vm).
877 1033 928 1055 946

165 1072 311 1098 procerum
330 1063 469 1089 sententia
487 1064 554 1089 Arei
567 1064 640 1097 payi.

131 1106 192 1132 pro
202 1098 342 1158 ogi-itas]
369 1098 452 1123 Talus
470 1098 543 1131 epist.
563 1103 587 1130 4,
607 1102 623 1124 2
645 1106 785 1124 nemorum
810 1099 928 1132 proceri-

165 1132 218 1158 tati
240 1141 279 1158 us.

794 585 928 618 procellas

132 1166 304 1201 procerus]
323 1165 400 1191 VIII
409 1170 455 1192 521
467 1174 581 1200 procera
599 1186 605 1191 .
619 1187 625 1192 .
640 1186 646 1192 .
664 1166 786 1192 membra
799 1166 927 1194 Helenae.

131 1200 340 1235 procinctus]
362 1200 430 1226 Mer.
440 1208 513 1233 pros.
528 1205 540 1226 1
556 1201 578 1226 Α
594 1204 628 1226 20
652 1201 699 1234 qui
719 1201 781 1227 aliis
800 1202 925 1234 procinc—

165 1238 218 1268 tus,
238 1235 291 1262 tibi
309 1243 374 1260 usus
393 1236 443 1261 est.

131 1269 321 1305 proconsul]
344 1269 477 1295 Vsubscr.
496 1271 609 1303 togatus
628 1269 680 1295 fori
699 1269 870 1303 proconsulis
886 1270 926 1295 al-

166 1312 227 1330 mae
246 1303 427 1329 Karthaoinis
446 1304 521 1337 apud
545 1303 737 1338 proconsulem
758 1304 925 1330 Pacideium.

165 1338 207 1364 law
224 1339 272 1364 sub
291 1325 421 1364 Vandalis
440 1338 544 1371 reydms
561 1346 616 1364 non
634 1339 688 1363 iam
707 1340 764 1364 erat
782 1339 928 1372 proconsul

167 1373 277 1399 Africae
300 1374 365 1404 (not.
383 1372 454 1406 diyn.
469 1380 522 1399 aec.
537 1377 557 1401 1,
571 1375 621 1405 22),
640 1373 742 1405 qualem
754 1373 875 1398 novimus
888 1381 927 1399 ecc.

166 1415 206 1442 qr.
236 1410 339 1440 patrem
369 1407 481 1432 Paulini
512 1407 615 1433 Pellaei
645 1408 713 1440 (fere
744 1415 769 1433 a.
797 1410 865 1438 380;
894 1408 928 1439 cf.

167 1441 287 1467 Ezaelzar.
309 1444 355 1473 35‚·
383 1442 418 1472 ef.
436 1442 514 1467 etiam
533 1442 618 1468 Mart.
639 1441 700 1474 Cap.
715 1445 763 1467 999
781 1450 928 1474 proconsu-

166 1476 219 1502 lari
311 1475 436 1508 culmini)
458 1483 541 1508 neque
566 1477 660 1509 opinor
681 1475 752 1501 hunc
774 1475 928 1501 Pacideiani

165 1513 216 1536 aut
235 1510 432 1541 Victmianmn,
454 1510 514 1536 item
538 1510 728 1544 proconsulem
749 1510 926 1543 Carthaginis

166 1544 250 1578 (Vict.
270 1545 320 1570 Va.
340 1547 364 1576 3,
378 1546 433 1576 27),
456 1548 570 1570 versatos
593 1552 645 1570 esse
662 1545 693 1569 in
711 1544 928 1570 administranda

162 1579 303 1612 prom‘neia
320 1579 506 1610 proconsulari
519 1578 557 1610 (id
575 1579 644 1612 quod
658 1579 738 1611 ponit
756 1579 789 1604 L.
803 1579 927 1611 Schmidt,

169 1613 258 1639 Geseh.
271 1613 296 1638 d.
312 1612 452 1639 Vandalen
467 1621 497 1646 p.
511 1616 559 1640 185
576 1616 599 1639 et
617 1615 685 1645 176),
703 1613 748 1639 sed
764 1613 848 1639 solum
864 1614 928 1639 Oar-

165 1648 272 1680 may-ine
298 1647 354 1672 iuri
381 1647 498 1673 dicundo
520 1648 672 1681 praefuisse
698 1648 766 1673 inter
794 1647 929 1673 Romanos

165 1682 297 1708 Vandalis
315 1681 447 1708 subiectos.

131 1716 260 1750 procul]
285 1716 351 1742 Mer.
366 1724 385 1742 c.
399 1721 423 1748 4,
437 1720 469 1743 32
493 1716 589 1749 procul
608 1735 614 1741 .
629 1736 634 1742 .
649 1736 654 1742 .
679 1716 803 1749 patebat.
840 1716 926 1742 Drac.

166 1753 216 1776 sat.
235 1754 281 1776 221
299 1759 346 1776 sex
365 1752 430 1777 sunt
448 1752 554 1776 aetates
573 1750 714 1776 hominum
734 1750 929 1784 proculusque

167 1787 314 1811 senectam.
352 1784 423 1810 VIII
434 1788 483 1811 120
500 1785 595 1818 procul
615 1785 760 1811 exclamat.
799 1788 849 1811 208
868 1793 929 1818 pro-

167 1820 213 1846 cul
235 1828 252 1845 a
274 1819 350 1845 villa.
416 1827 524 1852 praep:
547 1819 620 1853 Euy.
638 1827 659 1845 c.
681 1823 703 1851 5,
718 1823 750 1846 18
775 1821 874 1845 cuncta
902 1821 930 1845 te

169 1854 266 1888 procul
284 1853 410 1879 abibunt.

133 1887 327 1921 procumbo]
347 1891 371 1918 3,
387 1891 437 1913 290
455 1887 603 1921 procubuit
623 1907 628 1912 .
643 1908 648 1913 .
661 1907 667 1912 .
687 1889 855 1921 peremptus.
885 1891 931 1913 521

168 1924 201 1948 ut
218 1931 265 1948 rea
278 1922 426 1956 procubuit
440 1922 577 1948 Lucretia.
611 1922 690 1949 VIII
703 1926 730 1948 72
743 1922 931 1956 procumbunt

169 1957 290 1983 culmina
308 1957 399 1983 turris.

133 1991 304 2025 proditor]
324 1996 345 2021 1,
358 1995 390 2018 57
406 1999 516 2017 somnus
535 1990 668 2024 proditor.

133 2026 252 2060 prodo]
282 2026 351 2052 Mer.
364 2027 431 2058 poet.
446 2028 493 2051 135
519 2024 667 2058 prodentia
696 2024 783 2049 fatum
814 2024 928 2050 lumina.

168 2060 254 2086 Drac.
268 2064 289 2091 1,
301 2064 348 2086 505
372 2068 427 2086 non
446 2059 553 2085 defossa
571 2059 666 2093 prodit
690 2059 789 2084 tellure
808 2059 930 2084 metalla.

167 2098 192 2127 2,
208 2098 255 2120 787
273 2094 341 2120 deus
365 2102 393 2120 se
411 2093 535 2128 prodidit
559 2093 624 2126 igne
643 2093 762 2126 loquaci.
797 2096 820 2123 3,
834 2097 864 2118 52
883 2093 930 2126 qui

167 2129 297 2163 proditur
319 2129 422 2162 impius
448 2128 476 2153 in
497 2136 532 2154 se.
569 2131 618 2154 639
638 2128 704 2154 Iona
786 2128 931 2152 mendacia.

168 2163 252 2189 verba
266 2163 396 2197 prodidit.
430 2163 455 2188 V
466 2166 497 2188 21
509 2162 582 2195 quod
596 2162 685 2188 sentio
700 2161 823 2196 prodam.
853 2161 908 2187 V11
918 2166 932 2187 9

169 2198 285 2232 prodere
310 2197 441 2231 gestirem
464 2197 532 2223 haec
551 2205 622 2230 quae
640 2205 714 2222 nunc
732 2204 782 2230 per
800 2197 864 2222 vota
884 2204 931 2229 ge-

168 2234 274 2258 runtur.

133 2266 297 2300 produco]
325 2268 423 2292 transs
450 2269 471 2297 1,
492 2269 519 2291 71
548 2265 624 2291 caelo
651 2264 802 2299 producere
828 2272 931 2290 manes.

169 2304 220 2327 269
249 2300 379 2334 producit
408 2300 519 2326 flamma
549 2300 680 2325 volucres.
728 2303 776 2324 277
803 2298 932 2332 producit

169 2336 243 2361 terra
256 2335 355 2361 leones.
385 2338 429 2360 714
443 2336 535 2360 noctes
549 2333 646 2360 hiemis
664 2333 802 2367 producit.
838 2336 861 2365 2,
874 2336 924 2359 394

169 2378 226 2395 una
245 2369 304 2395 dies
327 2369 458 2402 produxit
481 2377 561 2394 avum
582 2376 710 2400 serosque
729 2369 850 2400 nepotes.
889 2370 932 2393 769

171 2404 257 2429 vitam
277 2405 321 2438 (cf.
339 2403 413 2436 Very.
426 2404 492 2429 Aen.
506 2406 529 2434 2,
543 2405 601 2436 637)
624 2403 731 2435 largum
752 2401 883 2435 produxit
902 2401 931 2426 in

169 2446 277 2464 aevum.
319 2441 343 2470 3,
362 2441 411 2464 291
438 2437 525 2463 vitam
554 2437 637 2470 longo
665 2437 828 2470 produceret
855 2444 931 2461 aevo.

170 2475 217 2499 103
229 2473 325 2498 natum
340 2493 344 2498 .
358 2492 363 2498 .
376 2492 381 2498 .
394 2472 526 2505 produxit
539 2471 573 2497 ad
585 2480 661 2497 aram
670 2471 778 2496 Abram.
802 2470 931 2496 VIII559

170 2507 297 2540 Iuppiter
315 2527 321 2533 .
337 2527 342 2534 .
357 2526 362 2532 .
381 2507 477 2532 taurus
497 2526 502 2532 .
517 2525 541 2532 ..
560 2506 694 2539 produxit
712 2513 813 2531 cornua
832 2505 931 2531 fronte.

204 2542 334 2567 intrans:
360 2545 381 2572 1,
395 2544 442 2567 179
465 2540 610 2574 pigmenta
700 2539 857 2572 producunt
881 2539 930 2564 sub

170 2575 227 2601 sole
246 2583 317 2601 novo
335 2575 353 2601 i.
367 2583 390 2608 q.
400 2575 541 2607 prodeunt.
578 2576 673 2607 quater
694 2574 725 2599 de
740 2573 931 2606 propredienti-

171 2610 220 2635 bas
241 2609 271 2634 in
294 2609 387 2635 hostes:
411 2612 435 2641 2,
449 2612 499 2635 298
523 2610 555 2635 ut
639 2609 669 2634 in
692 2609 786 2634 hostes
804 2628 810 2634 .
825 2628 830 2633 .
847 2628 852 2633 .
871 2615 931 2640 pro-

170 2643 284 2670 duceret
302 2664 307 2670 .
323 2664 328 2670 .
342 2664 348 2670 .
367 2645 476 2669 armata
494 2651 599 2669 manus.
629 2643 654 2669 V
666 2645 701 2669 38
714 2642 822 2669 advena
835 2649 931 2674 campo

170 2678 306 2712 producat
324 2679 454 2704 armatus.
489 2677 533 2704 Or.
547 2681 597 2704 298
617 2677 766 2711 producere
779 2677 852 2702 telis.
885 2679 932 2701 816

171 2712 312 2738 accinctus
331 2713 430 2745 capulo
449 2712 581 2745 produxit
601 2711 629 2737 in
648 2712 764 2737 hostem.

135 2746 336 2780 productor]
365 2749 447 2779 3,193
473 2746 622 2779 productor
648 2746 776 2772 verberat
799 2753 879 2770 auras
902 2743 932 2769 in

169 2781 371 2814 amphitheatro.
411 2781 565 2807 vocabulum
583 2788 638 2806 non
656 2783 729 2806 extat
747 2780 801 2805 nisi
818 2779 847 2804 in
866 2779 931 2811 9103-

1708 166 1768 196 395

1015 243 1071 281 sis,
1093 251 1124 269 ex
1152 244 1246 276 quibus
1262 244 1377 278 1141&
1395 250 1410 271 4
1437 248 1597 281 npoccycoyo'g
1624 248 1770 280 productor

1015 277 1082 303 nillil
1101 280 1136 303 cst
1155 278 1208 303 nisi
1227 279 1309 304 versio
1328 287 1360 305 ecc
1376 288 1476 312 praeeo,
1498 282 1581 307 altera
1600 282 1654 307 111
1669 286 1724 315 278,
1738 286 1770 309 32

1016 312 1345 350 productior·7190521201711119s
1364 315 1508 347 προβολειῗς
1526 316 1591 340 redit
1609 316 1643 341 ml
1660 318 1769 350 scripto-

1014 353 1069 371 rem
1080 346 1253 371 clm-zsaammz
1267 347 1312 379 qai
1330 347 1361 372 de
1380 348 1425 373 cleo
1444 352 1560 375 creatore
1572 350 1648 375 rerba
1665 351 1768 382 fecerat.

1017 379 1090 417 apud
1108 380 1286 405 Dracontion»
1305 382 1416 407 tecltniec
1433 382 1531 408 dietum
1550 386 1585 409 est
1600 392 1653 416 pro
1671 385 1706 410 cis
1724 386 1770 418 qui

1015 417 1044 439 ut
1074 422 1103 439 in
1133 414 1272 447 Hispania
1305 416 1493 442 ‘Banderillos'
1522 418 1558 443 rel
1585 419 1772 451 ‘Capeadores’

1016 450 1116 480 tauros,
1135 449 1172 473 sic
1189 449 1250 473 olim
1269 449 1342 480 feras
1361 451 1515 477 ino-itabant.

982 491 999 515 p
1006 490 1039 507 ro
1049 482 1162 515 elium]
1182 483 1248 508 Mer.
1260 486 1328 515 poet.
1342 488 1358 509 4
1371 485 1553 510 condemnant
1567 486 1672 519 proelia
1685 495 1769 520 reges.

1015 519 1046 542 98
1073 524 1128 541 non
1159 517 1263 549 proelia
1292 518 1417 550 mandet,
1448 519 1493 544 sed
1524 522 1610 552 gerat.
1658 524 1704 546 125
1735 521 1770 546 ad

1016 551 1122 588 proelia
1150 551 1228 576 ludos
1254 551 1362 577 imbuit.
1407 553 1490 578 Drac.
1515 558 1534 585 1,
1548 557 1594 579 281
1622 555 1771 581 meditatur

1016 585 1121 644 μζοξΙη
1144 593 1215 618 aper.
1284 586 1301 611 i.
1321 594 1343 618 q.
1361 587 1528 619 ‘proeliator-'z
1554 588 1598 614 IV
1611 591 1644 614 37
1666 590 1770 622 proelia¹

1014 627 1057 644 vic
1074 627 1098 644 a.

981 652 1131 686 profano]
1153 657 1172 684 1,
1187 657 1236 679 497
1253 654 1400 687 sacrilegos
1419 663 1446 680 se
1460 676 1465 681 .
1479 675 1484 680 .
1499 676 1503 680 .
1522 655 1582 681 iura
1596 656 1637 681 dei
1654 657 1771 682 calcasse

1016 687 1164 720 profanant
1191 688 1207 712 i.
1228 687 1359 720 produnt,
1387 689 1422 720 cf.
1441 689 1546 715 Palluzl.
1566 695 1585 723 1,
1598 694 1661 721 35,2
1688 692 1770 723 Apul.

1015 724 1074 747 met.
1087 726 1109 752 5,
1123 726 1149 746 11
1157 729 1182 753 p.
1197 724 1250 752 103,
1264 725 1294 746 26
1312 722 1389 749 Vliet.
1426 728 1446 755 1,
1460 728 1508 749 624
1528 725 1574 757 qui
1595 725 1662 757 legis
1676 727 1772 750 sancta.

1016 757 1172 788 profanant.
1211 755 1254 781 Or.
1270 759 1315 781 972
1328 757 1475 789 Mycenaea
1490 759 1591 792 triplex
1604 759 1657 784 iam
1673 768 1770 785 scaeua

1016 790 1144 822 profanat
1163 789 1348 823 Graiugenum
1368 791 1476 817 firmam.

983 824 1154 857 profanus]
1176 828 1196 854 1,
1212 827 1252 849 98.
1272 828 1295 855 2,
1309 828 1367 850 500.
1390 830 1438 851 715.
1458 829 1480 855 3,
1495 830 1550 852 251.
1571 830 1620 852 269
1633 829 1770 860 sceptrum

1017 877 1022 882 .
1034 878 1039 883 .
1052 879 1056 883 .
1067 858 1220 891 profanum.
1239 861 1288 884 336
1298 858 1408 885 funesta
1418 860 1513 886 fraude
1525 861 1651 894 profanas
1661 870 1771 888 secares.

1017 895 1064 918 sal.
1079 896 1107 918 95
1126 895 1218 917 mente
1243 893 1367 925 profana.
1410 894 1485 919 VIII
1499 899 1544 921 178
1561 903 1619 927 opp.
1639 896 1771 922 sacerdos.

1018 926 1048 951 X
1060 931 1091 952 15
1119 935 1188 959 quae
1216 935 1293 952 nosse
1321 928 1464 960 profanum
1493 931 1541 955 est.
1569 933 1622 955 236.
1663 930 1706 956 Or.
1724 934 1773 956 510

1017 969 1077 986 cum
1105 961 1200 986 fraude
1224 962 1346 994 profana..
1383 966 1433 988 900
1451 965 1538 988 mater
1562 966 1620 989 erat
1638 965 1771 990 scelerata.

1017 996 1138 1028 profana.
1210 995 1265 1020 adn.
1286 996 1412 1028 profane:
1432 1000 1454 1029 2,
1466 1001 1517 1023 511.

983 1029 1157 1063 profecto]
1178 1029 1246 1054 Mer.
1257 1037 1327 1061 pros.
1342 1034 1355 1055 1
1369 1031 1395 1056 A
1408 1034 1445 1057 13,
1476 1031 1558 1057 Drac.
1573 1036 1592 1064 1,
1608 1036 1659 1057 495.
1679 1036 1702 1064 3,
1715 1035 1771 1058 267.

1016 1067 1068 1089 671.
1088 1064 1153 1089 I15.
1176 1063 1219 1089 Or.
1234 1067 1287 1089 417.

983 1097 1169 1131 profectus]
1189 1097 1258 1130 Euy.
1272 1105 1291 1123 e.
1307 1102 1344 1130 70,
1360 1102 1381 1124 9.

982 1132 1133 1166 profero]
1159 1136 1179 1163 1,
1194 1135 1241 1157 169
1265 1141 1346 1165 poma
1365 1153 1370 1158 .
1386 1153 1390 1158 .
1405 1153 1410 1158 .
1430 1133 1546 1166 profert,
1573 1142 1626 1159 non
1651 1134 1772 1167 parturit

1017 1166 1104 1192 arbor.
1130 1169 1176 1191 213
1188 1166 1307 1199 proferre
1321 1167 1391 1192 diem
1407 1168 1487 1200 (perf-
1500 1167 1542 1200 B).
1568 1172 1590 1197 2,
1604 1171 1662 1193 385.
1682 1170 1704 1199 3,
1720 1171 1772 1194 153.

1018 1204 1063 1227 164
1086 1201 1190 1234 profert
1216 1201 1344 1234 tollitque
1368 1201 1440 1227 diem
1463 1202 1507 1227 sol.
1549 1203 1585 1228 11
1602 1206 1646 1228 110
1669 1202 1773 1235 profert

1017 1243 1109 1260 arcum
1127 1235 1216 1260 Amor.

981 1269 1158 1303 professio]
1179 1269 1247 1294 Mer.
1259 1277 1329 1302 pros.
1343 1273 1359 1295 2
1371 1270 1397 1295 A
1415 1270 1462 1302 qui
1482 1269 1510 1295 in
1524 1270 1575 1296 hac
1589 1270 1696 1296 dicendi
1710 1278 1772 1303 pro-

1014 1304 1132 1329 fessione
1151 1305 1221 1328 sunt.

981 1338 1141 1372 proficio]
1171 1337 1237 1363 Mer.
1256 1345 1329 1370 prce.
1350 1342 1364 1363 1
1380 1338 1433 1364 138
1460 1338 1494 1363 ad
1522 1338 1624 1364 bellum
1654 1338 1771 1372 proficit.

1015 1372 1098 1398 Drac.
1112 1376 1134 1403 2,
1147 1375 1192 1398 519
1218 1372 1327 1405 proficit
1353 1372 1382 1397 in
1410 1373 1448 1404 (et
1469 1372 1499 1405 O)
1529 1373 1618 1404 nobis,
1643 1373 1691 1405 qui
1717 1381 1772 1398 non

1015 1406 1208 1437 contraximus,
1229 1408 1345 1439 emptus.

980 1441 1166 1475 profiteor]
1196 1440 1240 1466 Or.
1254 1445 1299 1466 411
1321 1448 1364 1466 me
1387 1440 1541 1474 profitente
1560 1440 1697 1466 maritum.
1735 1450 1772 1466 an

1015 1475 1126 1508 me(me)
1146 1474 1236 1508 profi?

980 1509 1128 1544 profluo]
1148 1509 1217 1541 Εἰς).
1230 1517 1249 1534 e.
1263 1512 1303 1540 20,
1316 1512 1349 1534 49
1367 1509 1439 1534 rivos
1458 1517 1591 1542 aquarum
1605 1509 1771 1543 profluamus

1015 1544 1150 1569 transitive
1167 1543 1267 1568 (lictum
1286 1543 1318 1575 (υ.
1331 1551 1350 1568 5,
1364 1551 1385 1568 υ.
1399 1548 1491 1576 aqua).

981 1578 1107 1612 profor]
1143 1578 1183 1602 VI
1200 1581 1244 1603 105
1273 1577 1364 1602 Venus
1389 1597 1418 1603 ..
1438 1597 1443 1602 .
1467 1579 1518 1603 hac
1545 1585 1611 1603 voce
1638 1577 1771 1610 prof-atur.

1016 1613 1088 1638 VIII
1099 1615 1150 1638 260
1168 1611 1278 1645 placida
1291 1611 1329 1637 sic
1346 1620 1412 1637 voce
1426 1613 1558 1644 profatur.
1591 1614 1640 1637 327
1656 1612 1696 1637 ait
1709 1612 1771 1637 sub-

1017 1647 1100 1672 missa
1119 1654 1184 1672 voce
1202 1646 1336 1679 profatus.
1366 1648 1416 1671 372
1429 1646 1539 1671 sublimi
1558 1654 1622 1671 voce
1638 1646 1771 1679 profatur.

1021 1682 1062 1706 Or.
1076 1683 1127 1707 383
1145 1680 1183 1705 sic
1209 1682 1249 1706 est
1275 1688 1335 1706 orsa
1359 1680 1469 1713 profari.
1507 1680 1575 1712 Ech.
1589 1683 1637 1706 sat.
1652 1684 1698 1706 163
1717 1688 1773 1706 mo-

1018 1715 1078 1741 dico
1097 1723 1220 1740 sermone
1239 1714 1365 1748 profatur
1383 1715 1477 1748 (poeta
1496 1714 1599 1746 Drac).

983 1749 1178 1784 profundus]
1198 1754 1220 1779 1,
1233 1752 1276 1774 152
1294 1750 1372 1774 vasto
1393 1769 1397 1774 .
1413 1769 1418 1774 .
1433 1769 1438 1774 .
1457 1749 1600 1782 profundo.
1631 1751 1653 1779 3,
1666 1751 1699 1774 68
1717 1756 1773 1773 cru-

1018 1784 1077 1809 dele
1096 1783 1262 1817 profundum
1281 1783 1368 1814 inferi.

984 1818 1158 1852 profusio]
1178 1818 1247 1850 Ezcgy.
1262 1825 1282 1843 c.
1297 1822 1335 1849 14,
1349 1820 1381 1842 24
1399 1817 1542 1842 vulnerum
1562 1816 1692 1849 profusio.

984 1852 1181 1886 progenies]
1203 1855 1225 1883 2,
1239 1855 1286 1877 636
1304 1851 1462 1885 progeniem
1484 1850 1593 1876 senibus
1611 1852 1710 1876 natura
1728 1858 1774 1876 ne-

1019 1888 1107 1920 garat.
1150 1886 1191 1912 VI
1199 1890 1230 1912 45
1243 1886 1357 1919 Cupido,
1376 1885 1459 1918 ignea
1472 1885 1624 1918 progenies.
1655 1889 1699 1911 101
1712 1892 1773 1918 pro-

1018 1922 1111 1954 genies
1131 1941 1136 1946 .
1151 1941 1155 1947 .
1171 1941 1176 1946 .
1196 1920 1292 1946 domus
1311 1941 1316 1946 .
1332 1940 1336 1945 .
1352 1940 1356 1945 .
1377 1920 1500 1953 suscipit.
1543 1919 1654 1945 V11116
1671 1927 1703 1944 ex
1723 1919 1774 1944 hac

1017 1955 1157 1989 progenie.
1196 1955 1226 1980 X
1238 1957 1287 1980 376
1305 1955 1450 1988 progenies
1470 1962 1537 1979 mea.

983 1999 1044 2023 pro
1055 1989 1259 2023 gnosticum]
1279 1988 1347 2021 Ezcy.
1362 1996 1381 2014 c.
1395 1992 1426 2014 55
1439 1988 1477 2013 tit.
1499 1991 1532 2013 56
1544 1988 1581 2012 tit.

983 2023 1203 2058 programma]
1223 2023 1293 2056 Euy.
1308 2030 1328 2048 c.
1342 2026 1381 2055 22,
1394 2025 1425 2048 29
1438 2024 1466 2048 te
1479 2022 1683 2055 programmate
1696 2021 1775 2054 signo

1017 2059 1035 2084 i.
1053 2058 1193 2091 epitaphio.

983 2091 1208 2127 progredior]
1235 2091 1303 2117 Mer.
1317 2099 1389 2123 pros.
1407 2094 1423 2116 2
1440 2090 1466 2116 Β
1483 2093 1512 2116 13
1538 2098 1696 2124 progressus
1725 2090 1774 2114 est.

1018 2127 1102 2153 Drae.
1126 2126 1170 2152 Or.
1188 2129 1236 2151 237
1258 2125 1356 2151 mulier
1375 2133 1514 2158 progressa
1535 2132 1689 2158 parumper.
1728 2126 1776 2149 636

1019 2162 1078 2187 ibat
1098 2181 1103 2187 .
1117 2181 1122 2187 .
1138 2181 1142 2187 .
1162 2168 1329 2194 progressus.

984 2195 1107 2230 prohib
1116 2204 1129 2221 e
1139 2195 1164 2228 o]
1183 2198 1206 2226 3,
1219 2197 1266 2220 319
1284 2193 1443 2228 prohiberet
1456 2194 1559 2219 euntes.

1018 2230 1129 2256 hibetur
1147 2231 1270 2262 tangere.

984 2264 1125 2298 proicio]
1147 2263 1191 2289 Or.
1204 2266 1254 2289 879
1276 2261 1393 2296 proiecit
1411 2261 1536 2287 cultrum.
1574 2260 1644 2293 an.
1658 2259 1714 2286 hece.
1728 2262 1776 2286 312

1018 2299 1140 2332 proicere
1160 2297 1280 2329 (addicet
1297 2296 1390 2328 Drac.)
1408 2304 1459 2321 nec
1478 2296 1584 2328 plasma
1603 2303 1689 2320 suum.

983 2333 1109 2367 proles]
1130 2332 1197 2357 Mer.
1216 2339 1236 2358 c.
1255 2336 1276 2363 1,
1290 2335 1321 2356 17
1341 2330 1394 2356 hac
1413 2350 1438 2356 ..
1454 2350 1458 2356 .
1480 2329 1513 2355 de
1537 2329 1613 2363 prole
1633 2329 1697 2354 licet
1715 2336 1776 2361 spe-

1018 2375 1078 2393 rare
1102 2368 1241 2400 nepotem.
1282 2370 1305 2396 4,
1320 2368 1349 2390 13
1373 2364 1489 2390 lacteam
1516 2383 1544 2390 ..
1567 2384 1572 2389 .
1596 2364 1708 2396 prolem.
1743 2366 1777 2388 40

1019 2401 1109 2435 proles
1128 2400 1230 2426 Martia.
1248 2400 1317 2425 Aelii
1334 2399 1412 2430 filius.
1445 2400 1510 2430 poet.
1525 2401 1555 2423 29
1573 2397 1694 2423 intexere
1713 2404 1776 2430 pro-

1019 2437 1080 2461 lem.
1110 2434 1208 2460 Christ.
1223 2439 1235 2460 1
1247 2434 1339 2467 proles
1353 2441 1417 2458 vera
1431 2432 1483 2463 dei,
1502 2434 1535 2466 cf.
1549 2434 1621 2463 nota,
1637 2433 1776 2463 praeterea

1019 2470 1093 2501 Vera.
1107 2470 1173 2495 Aen.
1187 2472 1211 2501 8,
1225 2471 1274 2494 301
1293 2476 1357 2494 vera
1375 2467 1447 2493 Iovis
1467 2467 1564 2500 proles.
1600 2466 1682 2491 Drae.
1697 2470 1717 2497 1,
1729 2468 1777 2490 485

1019 2505 1127 2538 partem
1151 2511 1221 2536 quae
1247 2504 1288 2528 est
1306 2501 1392 2536 prolis
1412 2501 1495 2534 origo,
1532 2504 1555 2532 2,
1570 2503 1617 2526 378
1636 2499 1776 2532 terrigena.

1019 2538 1110 2572 proles
1126 2537 1274 2571 gigantum.
1304 2540 1353 2562 627
1370 2536 1455 2569 prolis
1469 2543 1579 2568 egenus.
1609 2536 1658 2559 639
1671 2534 1774 2566 prolem

1019 2572 1156 2606 spondens
1181 2580 1241 2597 cum
1265 2573 1348 2603 gente
1371 2572 1511 2603 nepotum.
1547 2572 1570 2600 3,
1584 2571 1630 2594 236
1648 2568 1712 2593 ficta
1731 2566 1775 2592 dei

1018 2607 1108 2641 proles
1132 2606 1222 2631 Simon
1247 2613 1345 2637 maguis.
1381 2607 1429 2630 342
1448 2604 1523 2637 prole
1542 2604 1693 2636 perempta.
1730 2605 1777 2626 497

1019 2649 1134 2674 regnum
1166 2639 1251 2673 prolis
1282 2640 1398 2665 amatae.
1451 2640 1500 2663 sat.
1525 2641 1556 2662 52
1585 2645 1647 2662 suas
1678 2636 1774 2669 proles.

1020 2676 1054 2701 11
1067 2679 1098 2701 49
1125 2683 1203 2708 opem
1232 2674 1265 2699 de
1293 2674 1369 2707 prole
1396 2674 1484 2703 rogat.
1526 2671 1601 2696 VIII
1619 2674 1634 2696 6
1660 2678 1776 2703 pignora.

1019 2709 1112 2743 prolis.
1151 2711 1199 2734 108
1217 2708 1324 2733 veniam
1340 2707 1373 2732 de
1386 2707 1462 2740 prole
1476 2705 1600 2737 rogabat.
1632 2708 1681 2730 264
1699 2704 1775 2736 regia

1020 2744 1109 2777 proles
1129 2743 1215 2768 Paris.
1257 2742 1299 2768 Or.
1316 2745 1364 2767 753
1383 2741 1420 2766 nil
1435 2741 1529 2773 potuit
1543 2739 1640 2764 mulier
1652 2739 1684 2764 de
1699 2739 1775 2771 prole

1020 2778 1126 2803 mereri.
1162 2780 1216 2803 393.
1235 2779 1280 2802 553
1299 2774 1518 2809 Agamemnonio
1536 2774 1634 2807 proles.

1520 2826 1571 2851 50*

1600 2191 1644 2218 Or.
1657 2195 1703 2218 855
1715 2200 1775 2225 pro-
