2106 3061
400 207 440 239 58
915 199 1114 228 DRACONTII
1151 198 1196 225 DE
1215 196 1395 224 LAVDlBVS
1414 195 1472 223 DEI
1509 195 1520 222 l

810 300 870 321 nec
894 288 1008 320 minuit
1032 287 1202 330 quicquam
1227 285 1392 317 detractus
1416 283 1456 314 ab
1481 281 1609 324 ignibus
1633 279 1727 322 ignis.

812 341 929 373 damna
953 340 1060 372 aliena
1085 338 1188 370 solent
1212 337 1349 369 aliorum
1373 336 1461 367 lucra
1486 343 1613 377 parare:

810 393 842 424 hi
867 395 1022 435 quaestus
1046 391 1096 422 cui
1120 389 1237 421 damna
1260 390 1396 431 parant?
1421 387 1453 418 in
1478 385 1608 417 fomite?
1632 384 1781 415 flammae

657 446 707 473 615
812 444 1000 476 detractae?
1025 442 1075 474 cui
1099 442 1181 473 sorte
1206 440 1300 472 iubar
1325 438 1505 470 subciditur
1529 437 1616 478 igni‘!

812 506 870 528 nce
895 495 1026 527 carnale
1049 503 1152 535 genus
1176 491 1291 523 minuit
1316 491 1421 522 fetura
1445 488 1598 522 creando:

811 558 887 580 ecce
911 546 999 579 dedit
1023 545 1142 577 homini
1167 544 1239 586 pius
1264 553 1360 585 quam
1384 541 1445 573 sibi
1471 551 1528 572 rex
1552 539 1633 572 deus
1657 540 1784 570 auctor:

811 601 991 632 formantur
1014 597 1133 629 virtute
1158 595 1210 627 dei
1234 605 1303 626 mas
1327 604 1410 625 unus
1433 596 1466 624 et
1489 603 1553 623 una

813 655 845 684 et
868 651 987 683 multos
1012 652 1101 681 creat
1124 658 1206 679 unus
1231 646 1337 685 homo,
1361 654 1513 676 mansura
1537 653 1679 685 propago

657 705 709 732 020
813 704 955 736 maxima
978 702 1023 741 fit,
1046 700 1176 743 generis
1200 709 1294 741 quam
1319 697 1454 740 parvula
1477 695 1559 727 fudit
1582 695 1682 736 origo.

813 766 912 798 parva
935 754 996 786 deo
1022 754 1149 785 fuerant
1173 749 1348 782 succedere
1373 752 1459 786 nata,
1482 747 1661 790 peremptis

813 809 844 840 ni
868 809 1061 848 consumpta
1086 805 1177 836 daret
1201 806 1274 845 post
1297 801 1405 832 saecla
1430 810 1600 841 resurgere
1624 799 1721 831 vitae.
1746 816 1787 821 —

813 859 869 891 scd
893 869 933 890 ne
958 859 999 890 sit
1022 857 1133 896 fixum,
1156 855 1280 887 reditus
1304 863 1367 884 non
1391 862 1465 884 esse
1490 851 1636 894 sepultis,

813 910 964 943 cordibus
987 909 1126 946 illorum,
1151 907 1204 950 qui
1228 906 1311 947 legis
1335 907 1447 936 sancta
1470 903 1654 946 profanant,

658 963 708 990 625
813 972 920 994 annua
943 960 1145 1003 conspiciant
1167 958 1253 1000 agris
1276 957 1437 988 frumenta
1460 955 1588 987 renasci

812 1018 938 1046 mortua
961 1024 1020 1055 per
1043 1012 1150 1044 sulcos
1174 1014 1293 1042 terram
1318 1007 1471 1040 findentis
1495 1007 1604 1038 aratri.

813 1066 916 1098 maior
940 1068 973 1097 et
997 1075 1039 1096 ex
1063 1063 1184 1095 truncis
1211 1060 1313 1103 surgit
1337 1059 1499 1092 radicibus
1523 1058 1619 1090 arbor

814 1121 847 1150 et
871 1117 954 1149 soliis
978 1116 1096 1148 vestita
1119 1115 1201 1146 viret
1225 1112 1437 1145 redeuntibus
1463 1111 1565 1143 annis.

814 1169 984 1212 pampinus
1007 1167 1153 1199 uviferae
1178 1165 1252 1196 vitis
1280 1166 1445 1196 sarmenta
1468 1162 1602 1194 revestit

661 1223 711 1249 ‘³30
815 1226 847 1254 et
871 1222 1034 1263 gemmata
1057 1219 1138 1250 rosis
1161 1217 1299 1249 redeunt
1322 1215 1463 1257 virgulta
1486 1214 1626 1246 ruboris:

814 1273 978 1304 ambrosio
1003 1269 1141 1302 reduces
1165 1270 1317 1310 rumpunt
1341 1267 1380 1299 de
1406 1266 1525 1298 cortice
1550 1266 1684 1305 fructus,

815 1325 885 1366 quis
910 1326 959 1355 est
981 1323 1050 1353 vita
1072 1321 1174 1363 fugax
1197 1323 1230 1352 et
1253 1330 1311 1362 par
1335 1329 1407 1351 cum
1431 1318 1510 1350 flore
1536 1321 1705 1354 senectus;

814 1377 849 1408 fit
872 1375 1017 1407 rediviva
1039 1373 1147 1405 virens
1172 1375 1205 1404 et
1228 1371 1372 1403 crinibus
1395 1369 1498 1402 herba
1521 1369 1654 1409 renatis,

813 1428 902 1469 ligna
925 1428 1136 1458 renascentur
1159 1423 1269 1456 reduci
1293 1422 1353 1454 sub
1378 1422 1524 1464 germine
1548 1424 1680 1453 cuncta:

661 1480 711 1507 635
817 1489 900 1521 quae
923 1487 1008 1509 nunc
1031 1476 1133 1508 herba
1156 1475 1227 1514 fuit,
1253 1475 1375 1516 lignum
1399 1474 1493 1513 iacet,
1517 1473 1618 1505 herba
1640 1473 1758 1505 futura.

817 1540 990 1573 squameus
1015 1528 1144 1560 exuitur
1167 1526 1297 1558 stellato
1321 1526 1465 1568 tegmine
1489 1535 1639 1567 serpens:

817 1583 901 1625 pelle
924 1580 1109 1613 renascenti
1132 1589 1244 1610 rursus
1268 1577 1426 1610 redeunte
1449 1577 1582 1609 iuventa

815 1637 922 1676 reptat
945 1633 1039 1664 hians
1064 1631 1179 1673 anguis
1203 1641 1262 1672 per
1284 1629 1379 1661 sibila
1403 1631 1535 1671 guttura
1558 1628 1715 1671 pandens·

816 1685 976 1717 frontibus
1000 1683 1142 1716 arboreis
1167 1682 1318 1714 amittunt
1341 1691 1462 1713 cornua
1486 1681 1584 1719 cervi,

663 1739 714 1766 640
818 1737 977 1779 anguibus
1002 1735 1176 1776 assumptis
1201 1733 1259 1766 sed
1282 1744 1359 1765 mox
1382 1733 1525 1776 palmata
1549 1735 1731 1775 resurgunt.

818 1789 922 1822 aerias
945 1787 1065 1820 enudat
1087 1797 1164 1818 aves
1188 1785 1251 1817 iam
1275 1795 1384 1828 penna
1406 1787 1534 1816 vetusta

819 1845 851 1874 et
873 1851 958 1872 nova
981 1838 1141 1871 subvestit
1163 1840 1332 1880 reparatas
1356 1837 1467 1879 pluma
1491 1836 1650 1868 volucres.

818 1896 944 1925 mortua
965 1893 1137 1934 praeterea
1161 1899 1329 1921 caecorum
1352 1888 1476 1920 lumina
1499 1888 1620 1920 dudum

820 1945 906 1976 nube
930 1943 1137 1976 tenebrarum
1161 1941 1318 1981 discussa,
1342 1941 1414 1972 luce
1437 1943 1570 1982 recepta

668 1999 718 2024 “¹45
822 1997 863 2028 ad
886 1996 973 2027 visus
997 1994 1122 2026 rediere
1147 2004 1224 2025 suos
1247 1993 1420 2034 vultusque
1445 1992 1565 2035 sepulti

823 2052 998 2080 nocturnos
1022 2056 1182 2088 perpessa
1205 2045 1275 2077 dics
1300 2044 1448 2076 oculatur
1471 2044 1594 2086 imago;

411 2157 436 2181 in
457 2158 478 2181 C
492 2156 542 2182 4310

515 2207 564 2232 817
584 2207 698 2235 bdminii
721 2204 857 2238 ling(ua)m
879 2204 937 2236 plus
961 2202 1031 2233 s(ibi)
1051 2210 1095 2226 rex
1114 2201 1146 2232 B,
1170 2202 1204 2234 cs.
1218 2201 1282 2233 Eny.
1380 2199 1430 2225 618
1455 2201 1577 2225 formatur
1595 2199 1660 2233 Era-y.
1757 2198 1807 2226 619
1826 2200 1919 2226 multos
1937 2200 1962 2225 B
1979 2199 2055 2233 Euq„

412 2251 492 2275 malos
513 2251 534 2273 (Y
627 2249 678 2274 (3:23
696 2251 723 2279 S;
745 2257 761 2273 u
775 2268 780 2273 .
792 2267 797 2272 .
810 2248 828 2272 it
846 2248 899 2271 fixi]
920 2246 942 2269 Β
961 2246 996 2269 ila
1015 2249 1043 2269 ut
1061 2254 1076 2269 n
1100 2249 1122 2269 el
1145 2245 1162 2268 it
1187 2244 1236 2268 sint
1260 2243 1364 2268 additae
1383 2252 1399 2267 a
1418 2252 1498 2268 manu
1517 2245 1544 2274 2,
1562 2247 1658 2268 ceterae
1676 2243 1784 2269 detritae
1801 2243 1854 2268 iam
1872 2247 2008 2276 antequam
2027 2242 2061 2267 J!

412 2293 544 2325 decc-ripen
640 2291 689 2317 627
709 2292 788 2316 trucis
809 2290 838 2321 B,
857 2298 923 2314 corr.
943 2288 995 2318 2¹1²,
1013 2288 1047 2319 cf.
1061 2287 1127 2319 Eugl.
1215 2285 1264 2311 628
1283 2287 1358 2311 annis
1380 2286 1455 2319 EQ,
1478 2286 1554 2311 arbor
1572 2286 1598 2311 B
1615 2294 1646 2311 ex
1665 2294 1741 2312 versu
1758 2286 1848 2318 priore
1943 2284 1994 2311 629
2011 2286 2057 2311 ubi

413 2337 464 2361 sere
483 2335 518 2366 B,
537 2335 674 2365 umbrifera}
694 2334 784 2358 JI⁸V²
855 2336 968 2357 armenta
986 2331 1010 2355 B
1101 2329 1152 2355 630
1170 2330 1268 2355 rubetis
1286 2329 1371 2354 Barth
1463 2328 1513 2355 631
1532 2333 1688 2362 rumpuntur
1705 2329 1771 2362 Euq.
1862 2327 1912 2355 63⁵2
1931 2329 1966 2354 εἰσ
1979 2329 2057 2360 plene

413 2377 490 2410 Enq„
519 2376 575 2410 pah·
601 2386 658 2402 cum
683 2375 756 2408 shore
774 2384 838 2408 quae
857 2375 947 2400 inclusi
965 2382 1089 2399 evanuere
1117 2373 1143 2397 iu
1163 2373 1198 2403 B,
1228 2373 1281 2405 pari
1308 2373 1368 2398 flore
1395 2373 1465 2405 falso
1484 2373 1616 2405 descripsit
1635 2372 1721 2397 iamM
1809 2371 1860 2398 633
1879 2373 1963 2398 virens
1981 2372 2057 2405 Eua„

413 2422 504 2445 florens
528 2420 552 2444 Jx'
646 2419 697 2444 638
719 2424 813 2452 gutum
836 2418 947 2451 pendens
966 2417 991 2441 B
1086 2416 1137 2441 639
1160 2416 1284 2441 Fontibus
1303 2416 1339 2448 B,
1365 2424 1431 2441 corr.
1451 2415 1505 2447 211³,
1528 2416 1562 2448 cf.
1582 2415 1648 2449 Euq.
1744 2414 1795 2441 640
1821 2416 1959 2449 Anguibus
1981 2414 2056 2448 Eua„

417 2463 550 2495 Vnguibus
568 2463 592 2487 B
677 2461 728 2487 642
748 2471 814 2487 nouo
832 2461 864 2492 B,
883 2469 948 2485 corr.
964 2460 1005 2484 31²
1023 2459 1089 2491 Euq.

517 2556 566 2582 612
589 2556 623 2587 cs.
643 2555 718 2582 Eun.
737 2557 802 2588 tray.
821 2558 870 2581 366
887 2562 939 2586 sqq.
1036 2553 1086 2579 614
1112 2552 1186 2586 Very.
1200 2552 1269 2578 Aen.
1284 2556 1304 2586 1,
1320 2556 1365 2579 176
1385 2551 1412 2578 in
1437 2551 1533 2579 fomite
1558 2551 1696 2579 flammam
1789 2552 1838 2579 621
1858 2551 1939 2578 brevis
1963 2550 2058 2578 aetatis

414 2614 495 2639 neque
513 2605 654 2632 admodum
678 2606 754 2640 ‹liyni
778 2606 821 2631 dei
843 2613 987 2632 successore
1004 2604 1117 2636 fuissent
1135 2604 1258 2636 homines,
1284 2604 1335 2630 nisi
1353 2604 1388 2631 cis
1405 2612 1462 2637 spes
1480 2604 1546 2630 datu
1564 2606 1625 2630 esset
1643 2605 1706 2637 post
1724 2605 1831 2630 monem
1852 2602 2008 2638 resurgendi

414 2658 464 2684 024
484 2658 577 2690 psalm.
602 2662 643 2690 8⁸,
662 2661 694 2684 32
715 2657 737 2683 si
766 2657 887 2684 iustitias
913 2665 987 2683 meas
1010 2655 1218 2690 profanaverint
1322 2655 1372 2682 625
1399 2663 1431 2681 ecc
1455 2655 1603 2682 Dracontio
1626 2657 1740 2689 possunt
1763 2653 1916 2681 αᾶὸτσυίαία
1941 2661 1992 2681 esse
2010 2653 2056 2680 Ps.

418 2709 544 2742 cyprian.
558 2708 589 2735 de
601 2716 700 2735 resurr.
715 2712 787 2736 mort.
803 2711 928 2735 121—136
1015 2707 1064 2733 628
1085 2706 1159 2740 Very.
1174 2707 1238 2732 Aen.
1253 2710 1277 2739 8,
1291 2710 1324 2732 47
1341 2707 1521 2734 redeunt-ibus
1534 2707 1615 2734 annis
1629 2707 1712 2734 Drac.
1726 2710 1749 2740 2,
1763 2709 1811 2733 222
1897 2706 1947 2733 635
1964 2714 1987 2733 v.
1999 2705 2055 2732 ind.

414 2760 462 2785 sub
479 2759 526 2793 qui
621 2760 671 2786 638
696 2761 766 2794 Very.
781 2761 844 2786 Aen.
859 2764 882 2791 6,
896 2763 942 2786 421
961 2760 1075 2793 guttum
1090 2758 1213 2792 pandens
1300 2759 1350 2786 639
1370 2759 1442 2793 Vei-[1.
1456 2760 1523 2785 Aen.
1539 2764 1559 2792 1,
1570 2763 1617 2786 190
1635 2758 1765 2786 cornibus
1782 2757 1904 2785 arboreis
1922 2765 2006 2785 cervos

415 2812 466 2839 640
484 2811 514 2837 de
539 2819 565 2837 re
591 2819 610 2837 r.
632 2812 684 2838 ind.
703 2812 751 2838 sub
769 2821 880 2845 serpens
984 2811 1034 2838 644
1057 2810 1100 2835 Or.
1116 2812 1173 2835 mre.
1188 2814 1223 2842 15,
1239 2814 1270 2837 70
1287 2810 1409 2838 discussa
1428 2810 1502 2839 nube
