2106 3061
620 160 821 187 DRACONTII
856 160 902 186 DE
921 161 1100 188 LAVDIBVS
1119 163 1178 189 DEI
1214 164 1240 189 11
1708 169 1747 198 85

367 256 417 282 575
445 255 504 287 (565)
524 247 650 278 viscera
673 247 746 278 fusa
769 247 886 285 iacent,
910 247 984 278 hinc
1009 258 1063 279 cor
1086 249 1215 280 crudele
1240 251 1377 290 patescit

520 299 726 340 funestatque
750 298 835 330 diem
859 298 899 330 de
925 309 1058 341 corpore
1082 300 1156 332 tabe
1180 301 1332 333 madenti.

521 351 657 392 legimus
682 350 865 381 innumeras
890 351 1018 382 veniam
1042 352 1200 383 meruisse
1225 356 1372 384 catervas

520 401 643 433 Iudaea
666 401 706 432 de
730 404 827 443 gente
852 412 924 433 reas
949 403 1125 444 mortisque
1150 404 1313 435 ministros

520 454 638 495 optima
661 456 838 495 perpetuae
862 454 1036 496 sumpsisse
1061 458 1093 485 et
1116 465 1249 486 munera
1273 456 1368 492 vitae,

365 512 415 539 580
444 513 503 547 (570)
525 515 659 546 quorum
683 504 805 536 Paulus
830 508 899 535 erat
923 509 1020 547 eaput
1044 509 1157 537 extans
1182 507 1303 547 grande
1328 508 1499 538 malorum:

519 559 550 587 et
573 559 681 587 tamen
705 556 774 598 ipse
799 556 858 587 fuit
880 557 962 598 legis
988 560 1061 598 post
1084 558 1216 589 crimina
1239 558 1366 591 doctor:

518 608 705 650 martyrium
730 608 895 650 Stephano
919 609 972 649 qui
997 609 1120 640 fecerat
1144 609 1217 640 inde
1243 611 1364 651 rccepit

517 663 550 691 et
572 660 689 691 meruit
712 659 841 701 plenam
866 670 960 701 quam
987 661 1121 691 contulit
1144 664 1217 692 ante
1243 671 1403 693 coronam.

466 743 469 745 ,
517 711 549 742 111
573 721 608 742 se
632 722 709 742 vera
733 711 784 742 dei
809 711 1000 742 confirmans
1026 712 1124 743 verba
1147 712 1295 754 probavit

363 770 413 796 585
441 769 501 804 (575)
519 762 591 794 ‘hoc
614 763 756 804 patietur
778 763 885 802 homo,
910 763 994 804 quod
1020 764 1189 805 quisquam
1213 764 1325 795 fecerit
1348 763 1425 797 ulli‘.

519 814 576 846 sed
600 815 704 846 bonus
729 816 858 857 excepit
882 815 966 856 quod
991 819 1066 846 tunc
1090 816 1254 847 malefecit
1277 817 1403 858 iniquus

518 866 600 907 qued
625 867 760 908 populos
783 870 962 908 gentesque
987 867 1105 898 docens
1130 868 1291 899 convertit
1315 868 1419 899 eundo

515 929 576 960 per
597 929 697 957 mare,
722 929 781 960 per
805 922 916 958 terras⁷
942 922 976 949 ut
1001 918 1120 949 Christi
1145 930 1261 950 nomen
1286 919 1420 951 adorent

516 970 720 1011 gentilesque
746 970 825 1001 deos
850 973 881 1001 et
905 970 1056 1001 cordibus
1081 970 1167 1002 idola
1189 972 1327 1012 pellant;

363 1029 413 1056 590
441 1029 499 1061 (580)
519 1021 607 1053 Mars
633 1021 728 1053 cadat
753 1033 794 1053 ex
819 1023 936 1062 animo,
960 1026 1093 1063 pereant
1119 1022 1275 1054 Saturnus
1300 1026 1331 1054 et
1355 1023 1466 1063 Arcas,

516 1073 667 1115 Juppiter
689 1077 786 1115 atque
810 1074 933 1112 Venus.7
958 1073 1084 1105 Titania
1108 1074 1193 1105 Juno
1219 1074 1344 1116 Cupido

516 1126 568 1156 vel
591 1126 784 1167 quicumque
809 1126 862 1157 dei
886 1126 951 1157 ficti
977 1136 1122 1157 sermone
1147 1128 1275 1159 vetusto

516 1179 687 1211 credantur
711 1179 755 1209 nil
780 1189 887 1220 posse³
913 1179 1008 1209 simul
1032 1179 1111 1209 nihil
1136 1190 1207 1210 esse
1232 1179 1418 1220 probentur.

516 1231 603 1261 solus
628 1230 747 1272 ubique
771 1230 862 1270 deus,
887 1241 994 1261 rerum
1018 1230 1100 1269 fons,
1127 1230 1269 1262 conditor
1293 1234 1324 1262 et
1348 1241 1434 1272 spes,

361 1290 411 1316 595
440 1290 498 1323 (sss.)
517 1282 602 1313 idem
627 1293 755 1324 semper
778 1283 852 1321 cris,
879 1282 964 1323 quod
989 1286 1020 1313 et
1044 1293 1090 1322 es,
1115 1282 1200 1324 quod
1225 1286 1256 1313 et
1281 1285 1354 1313 ante
1379 1282 1477 1321 fuisti,

515 1335 557 1365 nil
583 1333 707 1365 addens
732 1334 946 1376 minuensque
971 1334 1029 1365 tibi
1054 1334 1274 1366 crescentibus
1299 1334 1402 1365 annis.

515 1389 663 1428 tempora
686 1389 861 1423 mutantur,
886 1389 918 1417 te
943 1397 1117 1427 numquam
1143 1386 1273 1417 saecula
1297 1389 1437 1417 mutant:

516 1438 644 1479 qualem
669 1438 771 1479 prima
795 1437 875 1476 dies,
900 1438 1000 1469 talem
1025 1438 1119 1469 simul
1143 1438 1255 1469 ultima
1279 1441 1401 1469 noscet.

515 1500 587 1521 cum
611 1493 643 1521 te
668 1500 731 1520 non
756 1492 909 1531 caperent
933 1490 1013 1520 caeli
1037 1492 1206 1531 terraeque
1231 1490 1413 1531 fretumque

360 1550 411 1578 600
439 1550 497 1583 (590)
518 1541 602 1573 aeris
626 1545 657 1572 et
681 1541 831 1583 spatium,
856 1541 980 1572 modico
1006 1544 1037 1572 te
1063 1541 1158 1572 corde
1183 1541 1309 1582 reponis

514 1593 654 1635 pectoris
679 1593 811 1624 humani
835 1596 1008 1634 conceptus
1032 1596 1140 1623 mente
1165 1593 1264 1624 fideli.

514 1645 650 1676 exaudis
675 1645 760 1686 quod
784 1645 895 1686 lingua
919 1647 1005 1676 tacet
1029 1644 1088 1675 sub
1112 1644 1206 1675 eorde
1231 1645 1374 1685 loquaci;

515 1700 590 1728 ante
615 1697 723 1727 futura
747 1696 848 1736 vides,
873 1707 974 1738 penes
1000 1699 1031 1727 te
1056 1696 1144 1727 nulla
1168 1696 1286 1736 futura,

515 1749 579 1780 sint
601 1749 689 1789 licet,
714 1749 926 1790 omnipotens,
951 1749 1135 1789 praesentia
1160 1750 1274 1779 cuncta
1298 1747 1445 1779 videntur

360 1809 410 1836 605
438 1809 496 1841 (595)
517 1803 572 1832 aut
596 1803 760 1831 transacta
783 1800 885 1841 magis
910 1799 1002 1831 nobis
1027 1803 1164 1831 ventura
1187 1802 1345 1830 creantur.

516 1853 569 1894 qui
592 1855 786 1894 peccaturos
811 1851 958 1883 homines
983 1854 1017 1882 tu
1041 1851 1172 1893 spiritus
1196 1855 1306 1882 auctor

514 1907 589 1935 ante
613 1903 714 1943 vides,
738 1904 875 1945 primum
898 1903 1100 1940 medicinam,
1125 1906 1247 1943 sancte,
1270 1903 1393 1944 parasti

513 1966 608 1997 quam
632 1955 757 1987 faceres
782 1955 960 1986 hominem:
986 1955 1188 1996 indulgentia
1211 1958 1304 1996 parta
1327 1958 1452 1986 reatum

513 2007 682 2050 praevenit
706 2010 738 2039 et
761 2007 887 2038 facinus
910 2007 1005 2038 venia
1029 2006 1195 2048 praecedit
1218 2007 1371 2048 iniquum.

103 2130 130 2156 in
148 2130 170 2156 0
185 2130 234 2156 597
253 2129 322 2163 (bis).
341 2128 485 2156 599-601.
504 2128 555 2154 603

204 2183 255 2209 575
274 2183 335 2208 huic
358 2183 390 2213 B,
416 2191 481 2207 corr.
499 2181 612 2206 Aret-alo
721 2179 772 2205 576
798 2180 856 2204 tabe
883 2180 1001 2203 omissmn
1023 2179 1050 2203 in
1077 2179 1158 2210 spatio
1182 2188 1260 2204 vacuo
1285 2179 1345 2204 add.
1366 2179 1402 2203 11¹²
1505 2178 1555 2204 579
1574 2183 1694 2211 perpetua
1713 2179 1743 2208 B,

103 2234 168 2251 corr.
187 2226 234 2251 111²
321 2224 430 2258 siipsiss3
461 2233 566 2249 munera
590 2224 624 2255 B,
647 2224 759 2253 correaei3
786 2224 849 2247 haec
873 2223 1023 2254 interposuit
1045 2222 1157 2247 Arm-alo
1262 2221 1312 2247 582
1330 2223 1465 2247 Mai-tirum
1488 2222 1521 2252 B,
1543 2232 1608 2246 corr.
1629 2222 1676 2245 Μ2

103 2268 153 2294 585
177 2271 272 2295 fecerat
293 2269 325 2299 B,
353 2277 419 2293 corr.
434 2267 546 2293 „arevalo
649 2266 699 2291 589
718 2266 813 2298 pellent
831 2266 863 2296 R,
887 2274 952 2290 corr.
976 2265 1021 2288 JI²
1125 2264 1175 2289 592
1194 2266 1227 2289 dii
1246 2265 1270 2289 B
1356 2266 1414 2289 ficto
1433 2265 1464 2295 B,
1484 2274 1549 2289 corr.
1564 2265 1674 2289 Aret-alo

103 2311 152 2337 596
168 2313 318 2337 minuensve
332 2312 443 2336 Arevalo
523 2309 572 2335 597
591 2318 731 2342 numquam
750 2313 774 2334 te
791 2308 811 2332 C
821 2309 867 2341 fol.
882 2308 920 2339 2¹¹,
940 2312 1071 2333 mutantur
1084 2308 1169 2338 d(euls
1188 2312 1212 2333 te
1226 2316 1364 2340 numquam
1379 2308 1400 2331 0
1410 2309 1456 2340 fol.
1470 2311 1497 2332 7³⁴
1575 2307 1624 2332 599
1643 2312 1743 2339 caperet

103 2355 134 2384 B,
152 2360 216 2381 recte
231 2356 284 2380 CM
349 2355 399 2381 603
418 2364 495 2388 penes
508 2355 539 2385 Β,
559 2356 625 2380 circa
641 2354 668 2385 (⁷,
686 2362 762 2387 penes
776 2358 800 2378 et
815 2354 925 2378 Aret-alo
996 2352 1046 2377 606
1065 2354 1132 2383 Quin
1149 2353 1261 2383 Glaeser,
1281 2353 1323 2376 Sic
1336 2352 1448 2376 Arevalo
1519 2351 1568 2376 60?
1588 2352 1677 2376 videns
1692 2351 1746 2374 RV

204 2466 253 2493 579
277 2467 306 2492 et
328 2466 345 2492 i.
365 2466 443 2492 etiam
539 2466 589 2492 585
607 2465 641 2497 cf.
660 2464 758 2490 Metili.
780 2469 799 2497 7,
813 2468 835 2490 2.
855 2463 952 2497 Ephes.
969 2467 991 2496 6,
1005 2467 1021 2489 8
1118 2463 1168 2489 594
1186 2465 1234 2488 sat.
1256 2467 1268 2488 1
1293 2462 1358 2489 deus
1381 2464 1541 2489 cunctorum
1565 2461 1689 2487 conditor
1713 2462 1741 2487 et

102 2525 163 2551 spes
249 2519 299 2544 595
317 2521 340 2551 3,
353 2522 398 2544 541
417 2518 490 2544 idem
509 2526 616 2551 semper
635 2517 701 2549 erit,
725 2525 877 2549 numquam
895 2515 1039 2542 mutabilis
1059 2523 1135 2541 aevo,
1166 2515 1199 2546 cf.
1212 2517 1266 2540 537.
1296 2517 1344 2540 sal.
1360 2517 1376 2539 δ
1395 2514 1467 2539 idem
1491 2521 1598 2546 semper
1622 2512 1673 2538 eris
1693 2511 1739 2544 qui

103 2576 131 2595 es
148 2569 227 2596 modo
247 2570 292 2596 vel
310 2570 400 2596 fueras
488 2570 538 2596 596
557 2572 580 2602 3,
592 2572 637 2595 535
663 2568 707 2595 cui
731 2570 857 2602 tempora
880 2568 920 2594 nil
944 2568 1013 2594 dant
1039 2569 1088 2594 aut
1110 2567 1220 2594 tollunt.
1262 2569 1310 2592 sat.
1325 2570 1339 2592 9
1361 2565 1400 2591 nil
1422 2565 1500 2591 addit
1524 2563 1664 2596 demitque
1688 2563 1740 2589 tibi

102 2621 159 2646 tam
171 2620 254 2656 longa
268 2623 391 2648 vetustas
462 2621 511 2648 597
527 2621 604 2655 Cypr.
622 2621 690 2647 Gall.
703 2620 759 2646 tzod.
774 2624 821 2646 156
835 2621 962 2653 tempora
977 2621 1121 2646 mutantur
1180 2618 1262 2644 Drae.
1276 2621 1298 2649 3,
1312 2620 1360 2643 53³7
1373 2617 1483 2643 saecula
1497 2624 1546 2642 nec
1561 2617 1652 2640 tamen
1668 2615 1739 2640 hunc

101 2674 218 2706 mutant,
232 2674 384 2708 quiaquod
396 2673 451 2700 fuit
465 2674 517 2700 hoc
531 2676 580 2700 est.
609 2673 714 2706 Coripp.
729 2673 783 2699 1072.
801 2677 821 2705 7,
835 2677 863 2699 91
877 2675 1003 2706 tempora
1016 2673 1157 2706 permutas
1170 2680 1220 2697 nee
1234 2673 1264 2696 tu
1278 2669 1392 2696 mutaris
1405 2669 1433 2693 in
1447 2668 1501 2693 illis
1572 2666 1621 2692 ‚599
1634 2666 1666 2697 ef.
1678 2670 1700 2698 2,
1711 2670 1741 2691 92

105 2723 198 2751 Claud.
215 2733 235 2751 c.
253 2726 317 2752 min.
334 2728 366 2752 32
388 2725 430 2757 (de
451 2726 526 2758 salv.)
545 2729 575 2751 14
599 2724 756 2751 IVIcrobaud.
779 2724 873 2750 Christ.
894 2728 908 2750 7
924 2724 1011 2750 bedul.
1028 2731 1047 2752 c.
1068 2723 1155 2757 pasch.
1172 2726 1194 2756 2,
1213 2727 1244 2749 59
1257 2730 1308 2754 sqq.
1382 2722 1432 2747 602
1450 2720 1484 2752 cf.
1498 2724 1518 2751 1,
1533 2722 1583 2743 56⁸
1601 2726 1658 2743 cum
1677 2720 1740 2742 nom

135 2776 184 2803 608
199 2781 219 2808 1,
233 2781 265 2805 90
277 2777 453 2812 indulgentia
472 2786 590 2812 poenam
611 2776 757 2811 praevenit
