2106 3061
329 1120 368 1146 M

340 2100 365 2129 Λ

728 856 810 902 ΠΙ.
863 855 950 900 DE
990 852 1259 899 EVGENI
1295 850 1689 898 CODICIBVS.

483 948 569 980 Fata
591 948 802 986 earminunss)
831 957 909 987 quae
932 946 1095 986 Euyenius
1121 946 1187 985 ipse
1214 943 1381 983 composuit
1407 943 1518 982 aliqua
1542 944 1634 981 parte
1665 942 1787 974 similia
1813 944 1842 974 et
1868 943 2033 974 coniuncta

379 1002 453 1032 sunt
480 1000 524 1030 eis
552 1010 631 1039 quae
657 998 879 1031 Dracontiana
908 998 1084 1035 subierunt,·
1106 997 1205 1036 plane
1233 995 1357 1027 diversa
1387 997 1462 1025 sunt
1489 994 1708 1034 epistularum,
1737 993 1774 1026 de
1800 994 1913 1034 quibus
1943 995 2034 1037 infra

381 1061 516 1083 seorsum
540 1051 601 1082 erit
623 1051 786 1091 ayendum.

484 1114 575 1151 atque
596 1112 771 1142 carminum
787 1110 982 1142 clarissimus
1004 1111 1048 1140 est
1071 1109 1164 1140 coclea:
1186 1118 1271 1139 nune
1293 1107 1542 1139 Matritensis
1565 1106 1644 1146 bybl.
1667 1108 1732 1137 nat.
1750 1107 1799 1144 14,
1821 1106 1865 1138 22
1892 1117 1970 1140 saec.
1989 1107 2035 1139 X⁰

380 1163 559 1194 litteratura
576 1162 789 1203 visiyothicass)
813 1162 956 1201 scriptus,
979 1162 1034 1201 qui
1057 1161 1128 1192 olim
1151 1160 1214 1199 fuit
1236 1159 1405 1190 Michaelis
1425 1158 1543 1198 Ruyzii
1565 1158 1702 1198 Amara,
1725 1158 1765 1189 ab
1787 1158 1930 1191 Iohanne
1943 1159 2034 1200 Bap-

381 1216 453 1247 tista
470 1215 567 1246 Perez
589 1225 617 1246 a.
635 1216 720 1246 1587
744 1215 862 1246 inlatus
879 1214 912 1244 in
929 1213 1145 1254 bybliothecam
1161 1213 1303 1244 ecelesiae
1323 1211 1496 1242 Toletanae.
1535 1210 1766 1249 descripserunt
1782 1209 1905 1242 Paulus
1920 1210 2037 1243 Ewald

380 1266 437 1307 (N.
454 1267 494 1298 A.
519 1266 574 1304 VI,
598 1267 691 1304 1880,
711 1277 743 1305 p.
760 1268 824 1297 316
847 1266 928 1305 sqq.)
951 1268 979 1296 et
1005 1266 1166 1297 Gustavus
1188 1264 1296 1295 Loewe
1320 1262 1586 1303 (Harlel-Loewe
1613 1262 1686 1294 bibl.
1705 1264 1792 1301 patr.
1814 1262 1886 1294 Lat.
1908 1262 2000 1304 Hisp.
2017 1263 2038 1294 1

378 1328 409 1357 p.
426 1319 488 1348 284
504 1319 595 1357 sqq),
620 1318 657 1350 L.
678 1318 799 1349 Traube
827 1316 945 1357 (PMA
961 1316 1024 1348 III
1038 1327 1072 1356 p.
1092 1317 1178 1355 125).
1232 1315 1339 1346 utebar
1367 1314 1541 1345 conlatione
1569 1313 1806 1353 apoyraphoque
1835 1324 1866 1345 a.
1889 1315 1970 1345 1878
1997 1315 2036 1346 ab

380 1369 446 1401 Ioh.
462 1369 572 1400 Heller
590 1369 678 1410 facto
704 1368 786 1408 quod
810 1378 895 1399 nune
923 1369 1107 1398 numeratur
1134 1368 1217 1398 inter
1244 1366 1358 1397 codices
1385 1365 1608 1397 Berolinenses
1638 1366 1693 1397 lat.
1709 1365 1768 1406 fol.
1790 1366 1863 1397 448.
1916 1376 1975 1406 quo
2001 1367 2037 1397 in

380 1422 459 1453 libro
480 1422 509 1452 si
531 1431 594 1460 qua
616 1420 712 1452 dubia
735 1420 812 1451 milii
834 1419 1020 1451 videbantur
1042 1421 1168 1459 royatus
1191 1419 1302 1458 optime
1324 1420 1381 1449 aul
1403 1417 1537 1456 eaeplevit
1562 1419 1619 1448 aut
1641 1417 1774 1448 correxit
1806 1417 1848 1449 H.
1873 1417 2035 1450 Plenlcers.

376 1475 447 1513 post
469 1473 638 1505 E'waldum
660 1474 688 1504 et
711 1472 868 1503 Loewium
892 1481 943 1512 eye
965 1471 1093 1511 sinqula
1115 1470 1285 1502 describere
1308 1469 1502 1508 supersedeo,
1530 1469 1565 1499 in
1588 1469 1769 1500 universum
1797 1470 1898 1500 tamen
1927 1470 2037 1510 aliqua

375 1524 560 1566 praefanda
582 1526 664 1555 sunt.
703 1524 837 1554 continet
860 1522 902 1554 M
922 1532 986 1553 non
1007 1522 1135 1561 plenum
1159 1522 1334 1552 carminum
1357 1520 1483 1559 Enqeni
1505 1520 1672 1560 exemplar,
1696 1520 1750 1551 sed
1771 1520 1832 1551 duo
1851 1520 1942 1561 facta
1964 1523 2039 1552 sunt

379 1577 472 1616 quasi
492 1576 664 1616 florileyia:
695 1575 829 1606 alterum
853 1573 913 1615 fol.
937 1574 996 1605 53r
1023 1573 1078 1604 sub
1102 1573 1191 1604 titulo
1227 1571 1373 1603 DOMNI
1403 1571 1571 1602 EUGENI
1594 1571 1864 1603 HEPITAFIOS
1887 1573 2039 1605 PLURI-

380 1626 542 1659 MORUM
575 1627 685 1666 (carm.
710 1627 759 1657 13.
795 1626 846 1658 15.
875 1627 924 1657 16.
954 1626 1003 1656 17.
1035 1626 1085 1657 18.
1115 1625 1165 1656 19.
1194 1624 1332 1655 25—29.
1360 1624 1414 1654 23.
1442 1624 1580 1654 30—36.
1615 1624 1666 1654 38.
1702 1625 1839 1655 42—69.
1875 1626 1925 1663 70,
1944 1627 2037 1657 1—3.

382 1679 515 1710 71—96.
540 1680 591 1716 70,
607 1679 692 1708 4—6
715 1702 722 1708 .
740 1702 747 1709 .
766 1677 814 1717 .³)‚
838 1676 972 1708 alterum
993 1675 1068 1713 alia,
1091 1676 1266 1713 recentiore,
1291 1675 1440 1714 seriptum
1456 1684 1553 1705 manu
1569 1674 1663 1706 nulla
1679 1675 1882 1715 inscriptione
1899 1678 2038 1708 notatum

379 1730 438 1771 fol.
456 1731 514 1761 62Γ
537 1730 646 1769 (earm.
665 1730 780 1760 6-13.
806 1730 844 1759 14
869 1728 980 1759 omisso
1002 1738 1029 1758 v.
1044 1728 1094 1758 20.
1121 1725 1294 1768 15-18⁴).
1326 1725 1392 1767 (19)
1420 1726 1471 1763 21,
1490 1726 1595 1756 1—10
1620 1752 1625 1757 .
1645 1749 1652 1757 .
1669 1727 1716 1767 .⁵).
1768 1737 1865 1767 neque
1892 1730 1927 1758 ut
1954 1727 2039 1759 credi

374 1783 499 1820 poterat
527 1780 662 1812 secunda
688 1780 821 1812 collectio
843 1779 933 1821 faeta
961 1781 1006 1810 est
1034 1781 1069 1809 ut
1092 1779 1186 1818 prior
1214 1778 1402 1818 expleretur,
1431 1778 1562 1816 repetita
1597 1777 1679 1809 enim
1713 1780 1789 1809 sunt
1815 1780 1957 1810 carmina
1987 1781 2036 1812 13.

382 1833 508 1863 15—19
530 1833 565 1863 in
584 1832 754 1873 posteriore
777 1841 855 1871 quac
877 1831 941 1862 iam
963 1831 999 1861 in
1022 1830 1079 1861 illa
1102 1831 1193 1860 erant
1213 1830 1390 1870 perscripta
1412 1830 1448 1866 et,
1471 1828 1553 1868 quod
1573 1829 1796 1869 gravissimum
1811 1832 1864 1867 est,
1885 1831 2039 1871 florileyia

381 1894 444 1915 non
471 1884 617 1915 videntur
644 1884 717 1915 olim
743 1883 840 1914 unius
866 1883 965 1922 fuisse
993 1882 1104 1913 codicis
1126 1883 1245 1921 partes.
1297 1882 1367 1911 utut
1393 1880 1468 1911 haec
1495 1890 1545 1911 res
1571 1890 1602 1912 se
1631 1880 1732 1919 habet,
1765 1881 1820 1913 lioc
1848 1885 1964 1913 eertum
1995 1885 2040 1915 est

381 1935 571 1967 concinuisse
594 1935 781 1974 exemplaris
808 1935 918 1965 vetusti
945 1933 1083 1965 ordinem
1111 1942 1180 1964 cum
1207 1932 1438 1971 exemplaribus
1465 1934 1635 1963 ceterorum
1663 1932 1800 1963 codicum
1827 1943 1924 1973 neque
1951 1934 2040 1966 nobis

382 1987 546 2018 verendum
574 1996 637 2018 esse
664 1987 858 2025 interponere
887 1985 921 2016 in
949 1984 1057 2016 ordine
1085 1984 1261 2015 carminum
1289 1983 1328 2014 ab
1361 1983 1404 2014 M
1435 1983 1569 2014 eaelzibito
1603 1984 1670 2014 alia
1705 1994 1743 2015 ex
1776 1985 1852 2016 aliis
1885 1985 2040 2017 codicibus

377 2039 486 2078 petita,
509 2038 623 2069 seilicet
646 2047 713 2069 cum
736 2047 774 2068 ne
797 2036 842 2068 M
858 2036 981 2076 quidem
1001 2037 1126 2077 plenam
1153 2044 1317 2066 musarum
1339 2035 1463 2075 Euyeni
1490 2034 1540 2066 det
1567 2035 1783 2067 conlectionem
1807 2036 1861 2068 sed
1887 2037 2038 2069 selectum.

485 2089 653 2120 secundum
675 2089 813 2120 obtinent
842 2088 940 2119 locum
962 2087 1185 2128 fracmenta
1208 2086 1465 2127 Leyionensia
1494 2085 1603 2126 (Leo'n,
1627 2087 1744 2127 Iylesia
1771 2087 1920 2120 Cateclral
1942 2089 1985 2120 N.
2003 2089 2039 2130 8)

384 2152 460 2174 saec.
484 2142 532 2174 X‘
559 2144 595 2172 ut
617 2142 752 2179 videtur,
782 2141 937 2180 descripta
964 2141 1143 2172 summatim
1170 2141 1206 2171 in
1229 2139 1347 2171 libello:
1382 2139 1525 2171 Notieias
1548 2139 1778 2180 biblioyraficas
1800 2150 1820 2180 y
1843 2140 1981 2180 cata'loqo
2003 2141 2040 2172 de

385 2194 430 2225 los
460 2193 583 2226 Codices
609 2193 646 2224 de
678 2192 709 2224 la
738 2192 841 2224 Santa
875 2192 990 2232 Iylesia
1023 2191 1170 2223 Catedral
1204 2191 1241 2222 de
1276 2190 1375 2228 Leon,
1404 2200 1469 2231 par
1496 2190 1630 2231 Rodolfo
1652 2191 1735 2222 Beer
1756 2202 1778 2231 y
1801 2191 1833 2224 J.
1851 2192 1933 2232 Eloy
1955 2192 2041 2225 Diae

490 2297 514 2329 l)
533 2296 568 2327 cs.
583 2304 650 2329 quae
669 2296 778 2328 ex1ws11i
797 2294 831 2320 N.
851 2295 884 2320 A.
902 2295 923 2326 f.
939 2295 985 2320 ale.
1005 2293 1120 2320 deutsclt.
1137 2293 1311 2320 Geschwhtsk.
1334 2292 1445 2318 XXVI
1458 2301 1487 2326 p.
1501 2295 1640 2319 39.3-—409.
1733 2293 1760 2326 2)
1783 2302 1868 2319 unum
1889 2295 1987 2328 solium
2008 2303 2041 2322 etc

386 2338 497 2371 Corippi
522 2338 595 2364 land.
608 2338 679 2365 lust.
693 2338 758 2364 libro
771 2342 786 2364 2
812 2338 927 2371 imagline
953 2336 1119 2364 reddendum
1140 2337 1243 2363 curavit
1262 2336 1389 2369 Iosephus
1411 2335 1524 2362 Partscli
1547 2339 1610 2362 ante
1628 2335 1767 2362 editionem
1793 2337 1904 2370 C'orippi
1925 2337 2039 2369 (ΜΘΗ.

386 2383 454 2407 auce.
468 2384 524 2407 ant.
540 2381 636 2414 1112).
729 2381 757 2413 3)
776 2381 922 2406 abscissum
945 2383 983 2406 est
1005 2380 1036 2405 in
1058 2380 1094 2406 M
1113 2379 1236 2405 ultimum
1261 2378 1445 2412 quaternionis
1469 2378 1554 2404 VIIli
1574 2379 1670 2411 folium
1692 2379 1764 2405 inter
1786 2380 1807 2411 f.
1820 2383 1853 2406 60
1875 2383 1900 2406 et
1925 2384 1955 2406 61
1973 2388 2041 2414 quae

385 2423 462 2449 hodie
480 2427 664 2450 numerantur.
708 2423 869 2450 continuisse
888 2422 1047 2456 putandum
1069 2425 1106 2448 est
1126 2422 1205 2454 finem
1228 2429 1309 2448 carm.
1325 2425 1355 2448 70
1377 2421 1477 2454 dzque
1500 2421 1538 2447 vel
1560 2422 1617 2447 tria
1639 2423 1763 2448 carmina
1786 2423 1892 2456 Euyeni
1913 2423 1943 2449 in
1966 2425 2040 2450 ante-

386 2465 536 2492 cedentibus
554 2468 658 2493 omissa.
698 2466 803 2491 videtur
824 2468 911 2492 autem
929 2466 1061 2498 exernplar
1081 2464 1152 2497 quod
1169 2464 1257 2490 scriba
1276 2464 1319 2489 ille
1342 2463 1377 2489 ad
1396 2472 1505 2489 numum
1522 2463 1616 2490 habuit
1635 2464 1728 2491 exiisse
1745 2465 1805 2490 iteri»
1824 2466 1854 2491 in
1872 2473 1981 2492 carmen
2000 2470 2039 2498 96,

385 2508 456 2542 quod
472 2510 527 2535 nisi
546 2510 585 2535 ita
603 2512 674 2542 esset,
692 2509 736 2535 vix
753 2508 797 2534 hic
815 2508 963 2534 addidisset
983 2508 1110 2534 librarius
1131 2511 1169 2540 70,
1181 2512 1260 2540 4sqq.
1278 2515 1345 2540 quos
1366 2514 1451 2540 supra
1468 2507 1600 2533 omiserat.
1639 2508 1779 2540 quaternio
1797 2511 1885 2534 autem
1902 2516 1992 2535 nonus
2009 2509 2041 2534 in

392 2551 425 2577 M
453 2560 535 2577 manu
564 2553 701 2578 recentiore
729 2552 845 2585 scriptus
874 2560 954 2584 quam
983 2553 1088 2577 adamis
1115 2559 1190 2576 nunc
1219 2550 1316 2583 incipit
1348 2558 1365 2575 a
1387 2550 1464 2576 titulo
1493 2549 1692 2577 TUTIONUM
1720 2551 1856 2578 UERSUS
1880 2551 2040 2578 MARTINI

390 2598 643 2626 GERUNDENSIS
670 2588 794 2626 AFZP—SGI
817 2599 857 2625 IN
889 2598 1070 2625 UASELICA.
1111 2597 1179 2624 Post
1204 2597 1370 2631 euangelum
1392 2604 1441 2630 eq&
1488 2597 1602 2623 versibus
1628 2598 1745 2623 Martini
1766 2601 1850 2631 potest
1871 2599 2041 2632 maeoessisse

388 2642 475 2668 nescio
495 2643 555 2675 quis
585 2643 647 2668 liber
671 2641 995 2676 (INSTI)TUTIONUM
1024 2641 1062 2667 iel
1088 2639 1437 2676 (EXHOR)TAT10NUM
1463 2640 1619 2674 prosarius,
1654 2649 1709 2666 non
1737 2644 1854 2674 receptus
1881 2641 1915 2668 ab
1940 2649 1969 2668 eo
1994 2642 2041 2675 qui

390 2684 530 2718 conliqam
548 2685 578 2710 in
596 2685 643 2712 hoc
659 2688 801 2718 poetarum
820 2685 949 2711 volumen.
1043 2684 1070 2718 4)
1089 2684 1136 2716 fol.
1149 2687 1184 2710 68
1199 2691 1267 2717 pars
1286 2683 1407 2716 superior
1423 2683 1500 2710 hodie
1514 2684 1597 2717 periit
1615 2687 1638 2711 et
1656 2693 1715 2711 cum
1733 2693 1761 2711 eo
1781 2688 1871 2717 15,3—
1879 2689 1903 2711 4.
1923 2689 1952 2712 16
1968 2688 1992 2711 et
2009 2686 2040 2711 in

389 2727 473 2753 auara
486 2728 591 2761 paflina
610 2732 732 2760 18,3—6.
752 2732 782 2755 19
798 2731 887 2754 totum.
974 2728 1003 2759 5)
1019 2727 1081 2760 finit
1099 2727 1239 2760 quaternio
1258 2735 1353 2753 nonus.
1389 2735 1524 2760 quaequae
1542 2727 1570 2753 in
1591 2727 1676 2754 codice
1693 2730 1830 2760 secuntur,
1850 2727 1908 2754 lieet
1924 2727 2040 2755 decimus

390 2770 527 2803 quaternio
545 2771 657 2797 eiusdem
677 2771 798 2797 videatur
815 2779 866 2797 esse
885 2778 982 2796 manus
999 2770 1078 2797 cuius
1096 2774 1213 2803 octavus,
1234 2769 1341 2803 Euqcni
1358 2769 1429 2795 nihil
1444 2770 1500 2796 iam
1517 2773 1650 2804 comparet
1667 2770 1697 2796 in
1714 2770 1756 2796 iis.
